%YAML 1.1
%TAG !u! tag:unity3d.com,2011:
--- !u!1 &1966581750952876
GameObject:
  m_ObjectHideFlags: 0
  m_CorrespondingSourceObject: {fileID: 0}
  m_PrefabInstance: {fileID: 0}
  m_PrefabAsset: {fileID: 0}
  serializedVersion: 6
  m_Component:
  - component: {fileID: 4887865603229832}
  m_Layer: 0
  m_Name: L_Section_Cramped
  m_TagString: Untagged
  m_Icon: {fileID: 0}
  m_NavMeshLayer: 0
  m_StaticEditorFlags: 4294967295
  m_IsActive: 1
--- !u!4 &4887865603229832
Transform:
  m_ObjectHideFlags: 0
  m_CorrespondingSourceObject: {fileID: 0}
  m_PrefabInstance: {fileID: 0}
  m_PrefabAsset: {fileID: 0}
  m_GameObject: {fileID: 1966581750952876}
  m_LocalRotation: {x: 0, y: 0, z: 0, w: 1}
  m_LocalPosition: {x: 0, y: 0, z: 0}
  m_LocalScale: {x: 1, y: 1, z: 1}
  m_Children:
  - {fileID: 9005611675919562251}
  - {fileID: 4220236977134229401}
  - {fileID: 9032638341966418315}
  - {fileID: 4762873421998444173}
  - {fileID: 6484304071276670231}
  m_Father: {fileID: 0}
  m_RootOrder: 0
  m_LocalEulerAnglesHint: {x: 0, y: 0, z: 0}
--- !u!1 &807309881330272420
GameObject:
  m_ObjectHideFlags: 0
  m_CorrespondingSourceObject: {fileID: 0}
  m_PrefabInstance: {fileID: 0}
  m_PrefabAsset: {fileID: 0}
  serializedVersion: 6
  m_Component:
  - component: {fileID: 9032638341966418315}
  - component: {fileID: 6683513874390631597}
  m_Layer: 0
  m_Name: Trims
  m_TagString: Untagged
  m_Icon: {fileID: 0}
  m_NavMeshLayer: 0
  m_StaticEditorFlags: 0
  m_IsActive: 1
--- !u!4 &9032638341966418315
Transform:
  m_ObjectHideFlags: 0
  m_CorrespondingSourceObject: {fileID: 0}
  m_PrefabInstance: {fileID: 0}
  m_PrefabAsset: {fileID: 0}
  m_GameObject: {fileID: 807309881330272420}
  m_LocalRotation: {x: -0, y: -0, z: -0, w: 1}
  m_LocalPosition: {x: 0, y: 0, z: 0}
  m_LocalScale: {x: 1, y: 1, z: 1}
  m_Children:
  - {fileID: 1275428009025984432}
  m_Father: {fileID: 4887865603229832}
  m_RootOrder: 2
  m_LocalEulerAnglesHint: {x: 0, y: 0, z: 0}
--- !u!114 &6683513874390631597
MonoBehaviour:
  m_ObjectHideFlags: 0
  m_CorrespondingSourceObject: {fileID: 0}
  m_PrefabInstance: {fileID: 0}
  m_PrefabAsset: {fileID: 0}
  m_GameObject: {fileID: 807309881330272420}
  m_Enabled: 1
  m_EditorHideFlags: 0
  m_Script: {fileID: 11500000, guid: 8fec7e10d5883bf4aa75872f1431a607, type: 3}
  m_Name: 
  m_EditorClassIdentifier: 
  canOverlap: 0
--- !u!1 &1927013416881635464
GameObject:
  m_ObjectHideFlags: 0
  m_CorrespondingSourceObject: {fileID: 0}
  m_PrefabInstance: {fileID: 0}
  m_PrefabAsset: {fileID: 0}
  serializedVersion: 6
  m_Component:
  - component: {fileID: 1218162257642043136}
  m_Layer: 0
  m_Name: Variant
  m_TagString: Untagged
  m_Icon: {fileID: 0}
  m_NavMeshLayer: 0
  m_StaticEditorFlags: 0
  m_IsActive: 1
--- !u!4 &1218162257642043136
Transform:
  m_ObjectHideFlags: 0
  m_CorrespondingSourceObject: {fileID: 0}
  m_PrefabInstance: {fileID: 0}
  m_PrefabAsset: {fileID: 0}
  m_GameObject: {fileID: 1927013416881635464}
  m_LocalRotation: {x: 0, y: 0, z: 0, w: 1}
  m_LocalPosition: {x: 0, y: 0, z: 0}
  m_LocalScale: {x: 1, y: 1, z: 1}
  m_Children: []
  m_Father: {fileID: 6484304071276670231}
  m_RootOrder: 0
  m_LocalEulerAnglesHint: {x: 0, y: 0, z: 0}
--- !u!1 &2829694843469605779
GameObject:
  m_ObjectHideFlags: 0
  m_CorrespondingSourceObject: {fileID: 0}
  m_PrefabInstance: {fileID: 0}
  m_PrefabAsset: {fileID: 0}
  serializedVersion: 6
  m_Component:
  - component: {fileID: 1275428009025984432}
  m_Layer: 0
  m_Name: Variant
  m_TagString: Untagged
  m_Icon: {fileID: 0}
  m_NavMeshLayer: 0
  m_StaticEditorFlags: 0
  m_IsActive: 1
--- !u!4 &1275428009025984432
Transform:
  m_ObjectHideFlags: 0
  m_CorrespondingSourceObject: {fileID: 0}
  m_PrefabInstance: {fileID: 0}
  m_PrefabAsset: {fileID: 0}
  m_GameObject: {fileID: 2829694843469605779}
  m_LocalRotation: {x: 0, y: 0, z: 0, w: 1}
  m_LocalPosition: {x: 0, y: 0, z: 0}
  m_LocalScale: {x: 1, y: 1, z: 1}
  m_Children:
  - {fileID: 5851963902469047319}
  - {fileID: 3899920252655017897}
  - {fileID: 8069731558433703004}
  - {fileID: 4943841725988267255}
  - {fileID: 6630601670562195794}
  - {fileID: 1728110473976148284}
  - {fileID: 1870859215788961500}
  - {fileID: 5389198133864186440}
  - {fileID: 6335416723238659005}
  - {fileID: 3652307834950020827}
  m_Father: {fileID: 9032638341966418315}
  m_RootOrder: 0
  m_LocalEulerAnglesHint: {x: 0, y: 0, z: 0}
--- !u!1 &3026498775507966387
GameObject:
  m_ObjectHideFlags: 0
  m_CorrespondingSourceObject: {fileID: 0}
  m_PrefabInstance: {fileID: 0}
  m_PrefabAsset: {fileID: 0}
  serializedVersion: 6
  m_Component:
  - component: {fileID: 5042371616858441503}
  m_Layer: 0
  m_Name: Variant
  m_TagString: Untagged
  m_Icon: {fileID: 0}
  m_NavMeshLayer: 0
  m_StaticEditorFlags: 0
  m_IsActive: 1
--- !u!4 &5042371616858441503
Transform:
  m_ObjectHideFlags: 0
  m_CorrespondingSourceObject: {fileID: 0}
  m_PrefabInstance: {fileID: 0}
  m_PrefabAsset: {fileID: 0}
  m_GameObject: {fileID: 3026498775507966387}
  m_LocalRotation: {x: 0, y: 0, z: 0, w: 1}
  m_LocalPosition: {x: 0, y: 0, z: 0}
  m_LocalScale: {x: 1, y: 1, z: 1}
  m_Children:
  - {fileID: 2916754062523570084}
  m_Father: {fileID: 9005611675919562251}
  m_RootOrder: 0
  m_LocalEulerAnglesHint: {x: 0, y: 0, z: 0}
--- !u!1 &3472486477708674233
GameObject:
  m_ObjectHideFlags: 0
  m_CorrespondingSourceObject: {fileID: 0}
  m_PrefabInstance: {fileID: 0}
  m_PrefabAsset: {fileID: 0}
  serializedVersion: 6
  m_Component:
  - component: {fileID: 4220236977134229401}
  - component: {fileID: 5598474538302096501}
  m_Layer: 0
  m_Name: Floor
  m_TagString: Untagged
  m_Icon: {fileID: 0}
  m_NavMeshLayer: 0
  m_StaticEditorFlags: 0
  m_IsActive: 1
--- !u!4 &4220236977134229401
Transform:
  m_ObjectHideFlags: 0
  m_CorrespondingSourceObject: {fileID: 0}
  m_PrefabInstance: {fileID: 0}
  m_PrefabAsset: {fileID: 0}
  m_GameObject: {fileID: 3472486477708674233}
  m_LocalRotation: {x: -0, y: -0, z: -0, w: 1}
  m_LocalPosition: {x: 0, y: 0, z: 0}
  m_LocalScale: {x: 1, y: 1, z: 1}
  m_Children:
  - {fileID: 664017924010983272}
  m_Father: {fileID: 4887865603229832}
  m_RootOrder: 1
  m_LocalEulerAnglesHint: {x: 0, y: 0, z: 0}
--- !u!114 &5598474538302096501
MonoBehaviour:
  m_ObjectHideFlags: 0
  m_CorrespondingSourceObject: {fileID: 0}
  m_PrefabInstance: {fileID: 0}
  m_PrefabAsset: {fileID: 0}
  m_GameObject: {fileID: 3472486477708674233}
  m_Enabled: 1
  m_EditorHideFlags: 0
  m_Script: {fileID: 11500000, guid: 8fec7e10d5883bf4aa75872f1431a607, type: 3}
  m_Name: 
  m_EditorClassIdentifier: 
  canOverlap: 0
--- !u!1 &5057304080061701401
GameObject:
  m_ObjectHideFlags: 0
  m_CorrespondingSourceObject: {fileID: 0}
  m_PrefabInstance: {fileID: 0}
  m_PrefabAsset: {fileID: 0}
  serializedVersion: 6
  m_Component:
  - component: {fileID: 4293703289488127012}
  m_Layer: 0
  m_Name: Variant (1)
  m_TagString: Untagged
  m_Icon: {fileID: 0}
  m_NavMeshLayer: 0
  m_StaticEditorFlags: 0
  m_IsActive: 1
--- !u!4 &4293703289488127012
Transform:
  m_ObjectHideFlags: 0
  m_CorrespondingSourceObject: {fileID: 0}
  m_PrefabInstance: {fileID: 0}
  m_PrefabAsset: {fileID: 0}
  m_GameObject: {fileID: 5057304080061701401}
  m_LocalRotation: {x: 0, y: 0, z: 0, w: 1}
  m_LocalPosition: {x: 0, y: 0, z: 0}
  m_LocalScale: {x: 1, y: 1, z: 1}
  m_Children:
  - {fileID: 5907384218806606458}
  - {fileID: 3995626098227795845}
  m_Father: {fileID: 4762873421998444173}
  m_RootOrder: 1
  m_LocalEulerAnglesHint: {x: 0, y: 0, z: 0}
--- !u!1 &7000384324386856681
GameObject:
  m_ObjectHideFlags: 0
  m_CorrespondingSourceObject: {fileID: 0}
  m_PrefabInstance: {fileID: 0}
  m_PrefabAsset: {fileID: 0}
  serializedVersion: 6
  m_Component:
  - component: {fileID: 1826636828692842628}
  m_Layer: 0
  m_Name: Variant
  m_TagString: Untagged
  m_Icon: {fileID: 0}
  m_NavMeshLayer: 0
  m_StaticEditorFlags: 0
  m_IsActive: 0
--- !u!4 &1826636828692842628
Transform:
  m_ObjectHideFlags: 0
  m_CorrespondingSourceObject: {fileID: 0}
  m_PrefabInstance: {fileID: 0}
  m_PrefabAsset: {fileID: 0}
  m_GameObject: {fileID: 7000384324386856681}
  m_LocalRotation: {x: 0, y: 0, z: 0, w: 1}
  m_LocalPosition: {x: 0, y: 0, z: 0}
  m_LocalScale: {x: 1, y: 1, z: 1}
  m_Children: []
  m_Father: {fileID: 4762873421998444173}
  m_RootOrder: 0
  m_LocalEulerAnglesHint: {x: 0, y: 0, z: 0}
--- !u!1 &7465207883242066737
GameObject:
  m_ObjectHideFlags: 0
  m_CorrespondingSourceObject: {fileID: 0}
  m_PrefabInstance: {fileID: 0}
  m_PrefabAsset: {fileID: 0}
  serializedVersion: 6
  m_Component:
  - component: {fileID: 9005611675919562251}
  - component: {fileID: 6543416433025943254}
  m_Layer: 0
  m_Name: Walls
  m_TagString: Untagged
  m_Icon: {fileID: 0}
  m_NavMeshLayer: 0
  m_StaticEditorFlags: 0
  m_IsActive: 1
--- !u!4 &9005611675919562251
Transform:
  m_ObjectHideFlags: 0
  m_CorrespondingSourceObject: {fileID: 0}
  m_PrefabInstance: {fileID: 0}
  m_PrefabAsset: {fileID: 0}
  m_GameObject: {fileID: 7465207883242066737}
  m_LocalRotation: {x: -0, y: -0, z: -0, w: 1}
  m_LocalPosition: {x: 0, y: 0, z: 0}
  m_LocalScale: {x: 1, y: 1, z: 1}
  m_Children:
  - {fileID: 5042371616858441503}
  m_Father: {fileID: 4887865603229832}
  m_RootOrder: 0
  m_LocalEulerAnglesHint: {x: 0, y: 0, z: 0}
--- !u!114 &6543416433025943254
MonoBehaviour:
  m_ObjectHideFlags: 0
  m_CorrespondingSourceObject: {fileID: 0}
  m_PrefabInstance: {fileID: 0}
  m_PrefabAsset: {fileID: 0}
  m_GameObject: {fileID: 7465207883242066737}
  m_Enabled: 1
  m_EditorHideFlags: 0
  m_Script: {fileID: 11500000, guid: 8fec7e10d5883bf4aa75872f1431a607, type: 3}
  m_Name: 
  m_EditorClassIdentifier: 
  canOverlap: 0
--- !u!1 &7565950810587268016
GameObject:
  m_ObjectHideFlags: 0
  m_CorrespondingSourceObject: {fileID: 0}
  m_PrefabInstance: {fileID: 0}
  m_PrefabAsset: {fileID: 0}
  serializedVersion: 6
  m_Component:
  - component: {fileID: 5146317498270415419}
  m_Layer: 0
  m_Name: Variant (1)
  m_TagString: Untagged
  m_Icon: {fileID: 0}
  m_NavMeshLayer: 0
  m_StaticEditorFlags: 0
  m_IsActive: 0
--- !u!4 &5146317498270415419
Transform:
  m_ObjectHideFlags: 0
  m_CorrespondingSourceObject: {fileID: 0}
  m_PrefabInstance: {fileID: 0}
  m_PrefabAsset: {fileID: 0}
  m_GameObject: {fileID: 7565950810587268016}
  m_LocalRotation: {x: 0, y: 0, z: 0, w: 1}
  m_LocalPosition: {x: 0, y: 0, z: 0}
  m_LocalScale: {x: 1, y: 1, z: 1}
  m_Children:
  - {fileID: 1602761138635534365}
  m_Father: {fileID: 6484304071276670231}
  m_RootOrder: 1
  m_LocalEulerAnglesHint: {x: 0, y: 0, z: 0}
--- !u!1 &7817742118915441144
GameObject:
  m_ObjectHideFlags: 0
  m_CorrespondingSourceObject: {fileID: 0}
  m_PrefabInstance: {fileID: 0}
  m_PrefabAsset: {fileID: 0}
  serializedVersion: 6
  m_Component:
  - component: {fileID: 4762873421998444173}
  - component: {fileID: 6315346718880708378}
  m_Layer: 0
  m_Name: Debris
  m_TagString: Untagged
  m_Icon: {fileID: 0}
  m_NavMeshLayer: 0
  m_StaticEditorFlags: 0
  m_IsActive: 1
--- !u!4 &4762873421998444173
Transform:
  m_ObjectHideFlags: 0
  m_CorrespondingSourceObject: {fileID: 0}
  m_PrefabInstance: {fileID: 0}
  m_PrefabAsset: {fileID: 0}
  m_GameObject: {fileID: 7817742118915441144}
  m_LocalRotation: {x: -0, y: -0, z: -0, w: 1}
  m_LocalPosition: {x: 0, y: 0, z: 0}
  m_LocalScale: {x: 1, y: 1, z: 1}
  m_Children:
  - {fileID: 1826636828692842628}
  - {fileID: 4293703289488127012}
  m_Father: {fileID: 4887865603229832}
  m_RootOrder: 3
  m_LocalEulerAnglesHint: {x: 0, y: 0, z: 0}
--- !u!114 &6315346718880708378
MonoBehaviour:
  m_ObjectHideFlags: 0
  m_CorrespondingSourceObject: {fileID: 0}
  m_PrefabInstance: {fileID: 0}
  m_PrefabAsset: {fileID: 0}
  m_GameObject: {fileID: 7817742118915441144}
  m_Enabled: 1
  m_EditorHideFlags: 0
  m_Script: {fileID: 11500000, guid: 8fec7e10d5883bf4aa75872f1431a607, type: 3}
  m_Name: 
  m_EditorClassIdentifier: 
  canOverlap: 0
--- !u!1 &8397902127653969113
GameObject:
  m_ObjectHideFlags: 0
  m_CorrespondingSourceObject: {fileID: 0}
  m_PrefabInstance: {fileID: 0}
  m_PrefabAsset: {fileID: 0}
  serializedVersion: 6
  m_Component:
  - component: {fileID: 664017924010983272}
  m_Layer: 0
  m_Name: Variant
  m_TagString: Untagged
  m_Icon: {fileID: 0}
  m_NavMeshLayer: 0
  m_StaticEditorFlags: 0
  m_IsActive: 1
--- !u!4 &664017924010983272
Transform:
  m_ObjectHideFlags: 0
  m_CorrespondingSourceObject: {fileID: 0}
  m_PrefabInstance: {fileID: 0}
  m_PrefabAsset: {fileID: 0}
  m_GameObject: {fileID: 8397902127653969113}
  m_LocalRotation: {x: 0, y: 0, z: 0, w: 1}
  m_LocalPosition: {x: 0, y: 0, z: 0}
  m_LocalScale: {x: 1, y: 1, z: 1}
  m_Children:
  - {fileID: 9207763576362409716}
  m_Father: {fileID: 4220236977134229401}
  m_RootOrder: 0
  m_LocalEulerAnglesHint: {x: 0, y: 0, z: 0}
--- !u!1 &9112940894529071343
GameObject:
  m_ObjectHideFlags: 0
  m_CorrespondingSourceObject: {fileID: 0}
  m_PrefabInstance: {fileID: 0}
  m_PrefabAsset: {fileID: 0}
  serializedVersion: 6
  m_Component:
  - component: {fileID: 5359287084816155876}
  m_Layer: 0
  m_Name: Variant (2)
  m_TagString: Untagged
  m_Icon: {fileID: 0}
  m_NavMeshLayer: 0
  m_StaticEditorFlags: 0
  m_IsActive: 0
--- !u!4 &5359287084816155876
Transform:
  m_ObjectHideFlags: 0
  m_CorrespondingSourceObject: {fileID: 0}
  m_PrefabInstance: {fileID: 0}
  m_PrefabAsset: {fileID: 0}
  m_GameObject: {fileID: 9112940894529071343}
  m_LocalRotation: {x: 0, y: 0, z: 0, w: 1}
  m_LocalPosition: {x: 0, y: 0, z: 0}
  m_LocalScale: {x: 1, y: 1, z: 1}
  m_Children:
  - {fileID: 7189913660860705810}
  m_Father: {fileID: 6484304071276670231}
  m_RootOrder: 2
  m_LocalEulerAnglesHint: {x: 0, y: 0, z: 0}
--- !u!1 &9186986244792728956
GameObject:
  m_ObjectHideFlags: 0
  m_CorrespondingSourceObject: {fileID: 0}
  m_PrefabInstance: {fileID: 0}
  m_PrefabAsset: {fileID: 0}
  serializedVersion: 6
  m_Component:
  - component: {fileID: 6484304071276670231}
  - component: {fileID: 703097087610050859}
  m_Layer: 0
  m_Name: Light
  m_TagString: Untagged
  m_Icon: {fileID: 0}
  m_NavMeshLayer: 0
  m_StaticEditorFlags: 0
  m_IsActive: 1
--- !u!4 &6484304071276670231
Transform:
  m_ObjectHideFlags: 0
  m_CorrespondingSourceObject: {fileID: 0}
  m_PrefabInstance: {fileID: 0}
  m_PrefabAsset: {fileID: 0}
  m_GameObject: {fileID: 9186986244792728956}
  m_LocalRotation: {x: -0, y: -0, z: -0, w: 1}
  m_LocalPosition: {x: 0, y: 0, z: 0}
  m_LocalScale: {x: 1, y: 1, z: 1}
  m_Children:
  - {fileID: 1218162257642043136}
  - {fileID: 5146317498270415419}
  - {fileID: 5359287084816155876}
  m_Father: {fileID: 4887865603229832}
  m_RootOrder: 4
  m_LocalEulerAnglesHint: {x: 0, y: 0, z: 0}
--- !u!114 &703097087610050859
MonoBehaviour:
  m_ObjectHideFlags: 0
  m_CorrespondingSourceObject: {fileID: 0}
  m_PrefabInstance: {fileID: 0}
  m_PrefabAsset: {fileID: 0}
  m_GameObject: {fileID: 9186986244792728956}
  m_Enabled: 1
  m_EditorHideFlags: 0
  m_Script: {fileID: 11500000, guid: 8fec7e10d5883bf4aa75872f1431a607, type: 3}
  m_Name: 
  m_EditorClassIdentifier: 
  canOverlap: 0
--- !u!1001 &1598535571758679811
PrefabInstance:
  m_ObjectHideFlags: 0
  serializedVersion: 2
  m_Modification:
    m_TransformParent: {fileID: 5146317498270415419}
    m_Modifications:
    - target: {fileID: 1009490581483702, guid: e3c819193f456e3499a2aa7bad8d7dbd, type: 3}
      propertyPath: m_Name
      value: iron_props_candelabrum_assembly
      objectReference: {fileID: 0}
    - target: {fileID: 4790991385753374, guid: e3c819193f456e3499a2aa7bad8d7dbd, type: 3}
      propertyPath: m_LocalPosition.x
      value: -0.45
      objectReference: {fileID: 0}
    - target: {fileID: 4790991385753374, guid: e3c819193f456e3499a2aa7bad8d7dbd, type: 3}
      propertyPath: m_LocalPosition.y
      value: 0.2
      objectReference: {fileID: 0}
    - target: {fileID: 4790991385753374, guid: e3c819193f456e3499a2aa7bad8d7dbd, type: 3}
      propertyPath: m_LocalPosition.z
      value: -3.2
      objectReference: {fileID: 0}
    - target: {fileID: 4790991385753374, guid: e3c819193f456e3499a2aa7bad8d7dbd, type: 3}
      propertyPath: m_LocalRotation.x
      value: -0
      objectReference: {fileID: 0}
    - target: {fileID: 4790991385753374, guid: e3c819193f456e3499a2aa7bad8d7dbd, type: 3}
      propertyPath: m_LocalRotation.y
      value: -0
      objectReference: {fileID: 0}
    - target: {fileID: 4790991385753374, guid: e3c819193f456e3499a2aa7bad8d7dbd, type: 3}
      propertyPath: m_LocalRotation.z
      value: -0
      objectReference: {fileID: 0}
    - target: {fileID: 4790991385753374, guid: e3c819193f456e3499a2aa7bad8d7dbd, type: 3}
      propertyPath: m_LocalRotation.w
      value: 1
      objectReference: {fileID: 0}
    - target: {fileID: 4790991385753374, guid: e3c819193f456e3499a2aa7bad8d7dbd, type: 3}
      propertyPath: m_RootOrder
      value: 0
      objectReference: {fileID: 0}
    - target: {fileID: 4790991385753374, guid: e3c819193f456e3499a2aa7bad8d7dbd, type: 3}
      propertyPath: m_LocalEulerAnglesHint.x
      value: 0
      objectReference: {fileID: 0}
    - target: {fileID: 4790991385753374, guid: e3c819193f456e3499a2aa7bad8d7dbd, type: 3}
      propertyPath: m_LocalEulerAnglesHint.y
      value: 0
      objectReference: {fileID: 0}
    - target: {fileID: 4790991385753374, guid: e3c819193f456e3499a2aa7bad8d7dbd, type: 3}
      propertyPath: m_LocalEulerAnglesHint.z
      value: 0
      objectReference: {fileID: 0}
    - target: {fileID: 4790991385753374, guid: e3c819193f456e3499a2aa7bad8d7dbd, type: 3}
      propertyPath: m_LocalScale.x
      value: 1.5
      objectReference: {fileID: 0}
    - target: {fileID: 4790991385753374, guid: e3c819193f456e3499a2aa7bad8d7dbd, type: 3}
      propertyPath: m_LocalScale.y
      value: 1.5
      objectReference: {fileID: 0}
    - target: {fileID: 4790991385753374, guid: e3c819193f456e3499a2aa7bad8d7dbd, type: 3}
      propertyPath: m_LocalScale.z
      value: 1.5
      objectReference: {fileID: 0}
    m_RemovedComponents: []
  m_SourcePrefab: {fileID: 100100000, guid: e3c819193f456e3499a2aa7bad8d7dbd, type: 3}
--- !u!4 &1602761138635534365 stripped
Transform:
  m_CorrespondingSourceObject: {fileID: 4790991385753374, guid: e3c819193f456e3499a2aa7bad8d7dbd,
    type: 3}
  m_PrefabInstance: {fileID: 1598535571758679811}
  m_PrefabAsset: {fileID: 0}
--- !u!1001 &1723280103383748084
PrefabInstance:
  m_ObjectHideFlags: 0
  serializedVersion: 2
  m_Modification:
    m_TransformParent: {fileID: 1275428009025984432}
    m_Modifications:
    - target: {fileID: 1226241864366554, guid: 7e95eee8a23b50c4bb080b9211cf2cb1, type: 3}
      propertyPath: m_Name
      value: Bricks_2 (1)
      objectReference: {fileID: 0}
    - target: {fileID: 4830491187690696, guid: 7e95eee8a23b50c4bb080b9211cf2cb1, type: 3}
      propertyPath: m_LocalPosition.x
      value: -1.6550014
      objectReference: {fileID: 0}
    - target: {fileID: 4830491187690696, guid: 7e95eee8a23b50c4bb080b9211cf2cb1, type: 3}
      propertyPath: m_LocalPosition.y
      value: 0.020999998
      objectReference: {fileID: 0}
    - target: {fileID: 4830491187690696, guid: 7e95eee8a23b50c4bb080b9211cf2cb1, type: 3}
      propertyPath: m_LocalPosition.z
      value: -2.8619995
      objectReference: {fileID: 0}
    - target: {fileID: 4830491187690696, guid: 7e95eee8a23b50c4bb080b9211cf2cb1, type: 3}
      propertyPath: m_LocalRotation.x
      value: -0
      objectReference: {fileID: 0}
    - target: {fileID: 4830491187690696, guid: 7e95eee8a23b50c4bb080b9211cf2cb1, type: 3}
      propertyPath: m_LocalRotation.y
      value: -0.7234228
      objectReference: {fileID: 0}
    - target: {fileID: 4830491187690696, guid: 7e95eee8a23b50c4bb080b9211cf2cb1, type: 3}
      propertyPath: m_LocalRotation.z
      value: -0
      objectReference: {fileID: 0}
    - target: {fileID: 4830491187690696, guid: 7e95eee8a23b50c4bb080b9211cf2cb1, type: 3}
      propertyPath: m_LocalRotation.w
      value: 0.69040537
      objectReference: {fileID: 0}
    - target: {fileID: 4830491187690696, guid: 7e95eee8a23b50c4bb080b9211cf2cb1, type: 3}
      propertyPath: m_RootOrder
      value: 5
      objectReference: {fileID: 0}
    - target: {fileID: 4830491187690696, guid: 7e95eee8a23b50c4bb080b9211cf2cb1, type: 3}
      propertyPath: m_LocalEulerAnglesHint.x
      value: 0
      objectReference: {fileID: 0}
    - target: {fileID: 4830491187690696, guid: 7e95eee8a23b50c4bb080b9211cf2cb1, type: 3}
      propertyPath: m_LocalEulerAnglesHint.y
      value: -182.676
      objectReference: {fileID: 0}
    - target: {fileID: 4830491187690696, guid: 7e95eee8a23b50c4bb080b9211cf2cb1, type: 3}
      propertyPath: m_LocalEulerAnglesHint.z
      value: 0
      objectReference: {fileID: 0}
    - target: {fileID: 4830491187690696, guid: 7e95eee8a23b50c4bb080b9211cf2cb1, type: 3}
      propertyPath: m_LocalScale.x
      value: 1.0929779
      objectReference: {fileID: 0}
    - target: {fileID: 4830491187690696, guid: 7e95eee8a23b50c4bb080b9211cf2cb1, type: 3}
      propertyPath: m_LocalScale.y
      value: 1.0929774
      objectReference: {fileID: 0}
    - target: {fileID: 4830491187690696, guid: 7e95eee8a23b50c4bb080b9211cf2cb1, type: 3}
      propertyPath: m_LocalScale.z
      value: 1.0929779
      objectReference: {fileID: 0}
    m_RemovedComponents: []
  m_SourcePrefab: {fileID: 100100000, guid: 7e95eee8a23b50c4bb080b9211cf2cb1, type: 3}
--- !u!4 &1728110473976148284 stripped
Transform:
  m_CorrespondingSourceObject: {fileID: 4830491187690696, guid: 7e95eee8a23b50c4bb080b9211cf2cb1,
    type: 3}
  m_PrefabInstance: {fileID: 1723280103383748084}
  m_PrefabAsset: {fileID: 0}
--- !u!1001 &1866612050751967764
PrefabInstance:
  m_ObjectHideFlags: 0
  serializedVersion: 2
  m_Modification:
    m_TransformParent: {fileID: 1275428009025984432}
    m_Modifications:
    - target: {fileID: 1226241864366554, guid: 7e95eee8a23b50c4bb080b9211cf2cb1, type: 3}
      propertyPath: m_Name
      value: Bricks_2
      objectReference: {fileID: 0}
    - target: {fileID: 4830491187690696, guid: 7e95eee8a23b50c4bb080b9211cf2cb1, type: 3}
      propertyPath: m_LocalPosition.x
      value: -0.4560008
      objectReference: {fileID: 0}
    - target: {fileID: 4830491187690696, guid: 7e95eee8a23b50c4bb080b9211cf2cb1, type: 3}
      propertyPath: m_LocalPosition.y
      value: 0.020999907
      objectReference: {fileID: 0}
    - target: {fileID: 4830491187690696, guid: 7e95eee8a23b50c4bb080b9211cf2cb1, type: 3}
      propertyPath: m_LocalPosition.z
      value: -3.635
      objectReference: {fileID: 0}
    - target: {fileID: 4830491187690696, guid: 7e95eee8a23b50c4bb080b9211cf2cb1, type: 3}
      propertyPath: m_LocalRotation.x
      value: -0
      objectReference: {fileID: 0}
    - target: {fileID: 4830491187690696, guid: 7e95eee8a23b50c4bb080b9211cf2cb1, type: 3}
      propertyPath: m_LocalRotation.y
      value: -0.99840736
      objectReference: {fileID: 0}
    - target: {fileID: 4830491187690696, guid: 7e95eee8a23b50c4bb080b9211cf2cb1, type: 3}
      propertyPath: m_LocalRotation.z
      value: -0
      objectReference: {fileID: 0}
    - target: {fileID: 4830491187690696, guid: 7e95eee8a23b50c4bb080b9211cf2cb1, type: 3}
      propertyPath: m_LocalRotation.w
      value: 0.05641702
      objectReference: {fileID: 0}
    - target: {fileID: 4830491187690696, guid: 7e95eee8a23b50c4bb080b9211cf2cb1, type: 3}
      propertyPath: m_RootOrder
      value: 6
      objectReference: {fileID: 0}
    - target: {fileID: 4830491187690696, guid: 7e95eee8a23b50c4bb080b9211cf2cb1, type: 3}
      propertyPath: m_LocalEulerAnglesHint.x
      value: 0
      objectReference: {fileID: 0}
    - target: {fileID: 4830491187690696, guid: 7e95eee8a23b50c4bb080b9211cf2cb1, type: 3}
      propertyPath: m_LocalEulerAnglesHint.y
      value: -263.53198
      objectReference: {fileID: 0}
    - target: {fileID: 4830491187690696, guid: 7e95eee8a23b50c4bb080b9211cf2cb1, type: 3}
      propertyPath: m_LocalEulerAnglesHint.z
      value: 0
      objectReference: {fileID: 0}
    - target: {fileID: 4830491187690696, guid: 7e95eee8a23b50c4bb080b9211cf2cb1, type: 3}
      propertyPath: m_LocalScale.x
      value: 1.0929803
      objectReference: {fileID: 0}
    - target: {fileID: 4830491187690696, guid: 7e95eee8a23b50c4bb080b9211cf2cb1, type: 3}
      propertyPath: m_LocalScale.y
      value: 1.0929799
      objectReference: {fileID: 0}
    - target: {fileID: 4830491187690696, guid: 7e95eee8a23b50c4bb080b9211cf2cb1, type: 3}
      propertyPath: m_LocalScale.z
      value: 1.0929803
      objectReference: {fileID: 0}
    m_RemovedComponents: []
  m_SourcePrefab: {fileID: 100100000, guid: 7e95eee8a23b50c4bb080b9211cf2cb1, type: 3}
--- !u!4 &1870859215788961500 stripped
Transform:
  m_CorrespondingSourceObject: {fileID: 4830491187690696, guid: 7e95eee8a23b50c4bb080b9211cf2cb1,
    type: 3}
  m_PrefabInstance: {fileID: 1866612050751967764}
  m_PrefabAsset: {fileID: 0}
--- !u!1001 &2915434153759696992
PrefabInstance:
  m_ObjectHideFlags: 0
  serializedVersion: 2
  m_Modification:
    m_TransformParent: {fileID: 5042371616858441503}
    m_Modifications:
    - target: {fileID: 1921858870728540, guid: 22a52c1e028c51341baa278737b6bf29, type: 3}
      propertyPath: m_IsActive
      value: 0
      objectReference: {fileID: 0}
    - target: {fileID: 1934234927027054, guid: 22a52c1e028c51341baa278737b6bf29, type: 3}
      propertyPath: m_Name
      value: Intersection_Cramped
      objectReference: {fileID: 0}
    - target: {fileID: 4459306921918404, guid: 22a52c1e028c51341baa278737b6bf29, type: 3}
      propertyPath: m_LocalPosition.x
      value: 1.5
      objectReference: {fileID: 0}
    - target: {fileID: 4459306921918404, guid: 22a52c1e028c51341baa278737b6bf29, type: 3}
      propertyPath: m_LocalPosition.y
      value: 0
      objectReference: {fileID: 0}
    - target: {fileID: 4459306921918404, guid: 22a52c1e028c51341baa278737b6bf29, type: 3}
      propertyPath: m_LocalPosition.z
      value: -3.50001
      objectReference: {fileID: 0}
    - target: {fileID: 4459306921918404, guid: 22a52c1e028c51341baa278737b6bf29, type: 3}
      propertyPath: m_LocalRotation.x
      value: -0
      objectReference: {fileID: 0}
    - target: {fileID: 4459306921918404, guid: 22a52c1e028c51341baa278737b6bf29, type: 3}
      propertyPath: m_LocalRotation.y
      value: 0.7071068
      objectReference: {fileID: 0}
    - target: {fileID: 4459306921918404, guid: 22a52c1e028c51341baa278737b6bf29, type: 3}
      propertyPath: m_LocalRotation.z
      value: -0
      objectReference: {fileID: 0}
    - target: {fileID: 4459306921918404, guid: 22a52c1e028c51341baa278737b6bf29, type: 3}
      propertyPath: m_LocalRotation.w
      value: 0.7071068
      objectReference: {fileID: 0}
    - target: {fileID: 4459306921918404, guid: 22a52c1e028c51341baa278737b6bf29, type: 3}
      propertyPath: m_RootOrder
      value: 0
      objectReference: {fileID: 0}
    - target: {fileID: 4459306921918404, guid: 22a52c1e028c51341baa278737b6bf29, type: 3}
      propertyPath: m_LocalEulerAnglesHint.x
      value: 0
      objectReference: {fileID: 0}
    - target: {fileID: 4459306921918404, guid: 22a52c1e028c51341baa278737b6bf29, type: 3}
      propertyPath: m_LocalEulerAnglesHint.y
      value: 0
      objectReference: {fileID: 0}
    - target: {fileID: 4459306921918404, guid: 22a52c1e028c51341baa278737b6bf29, type: 3}
      propertyPath: m_LocalEulerAnglesHint.z
      value: 0
      objectReference: {fileID: 0}
    - target: {fileID: 4459306921918404, guid: 22a52c1e028c51341baa278737b6bf29, type: 3}
      propertyPath: m_LocalScale.x
      value: 1
      objectReference: {fileID: 0}
    - target: {fileID: 4459306921918404, guid: 22a52c1e028c51341baa278737b6bf29, type: 3}
      propertyPath: m_LocalScale.y
      value: 1
      objectReference: {fileID: 0}
    - target: {fileID: 4459306921918404, guid: 22a52c1e028c51341baa278737b6bf29, type: 3}
      propertyPath: m_LocalScale.z
      value: 1
      objectReference: {fileID: 0}
    m_RemovedComponents: []
  m_SourcePrefab: {fileID: 100100000, guid: 22a52c1e028c51341baa278737b6bf29, type: 3}
--- !u!4 &2916754062523570084 stripped
Transform:
  m_CorrespondingSourceObject: {fileID: 4459306921918404, guid: 22a52c1e028c51341baa278737b6bf29,
    type: 3}
  m_PrefabInstance: {fileID: 2915434153759696992}
  m_PrefabAsset: {fileID: 0}
--- !u!1001 &3656725074070487899
PrefabInstance:
  m_ObjectHideFlags: 0
  serializedVersion: 2
  m_Modification:
    m_TransformParent: {fileID: 1275428009025984432}
    m_Modifications:
    - target: {fileID: 1739223608028686, guid: 336ae90d0890e5e4ebded6ecb765aa7b, type: 3}
      propertyPath: m_Name
      value: Pillar_4
      objectReference: {fileID: 0}
    - target: {fileID: 4739670922374528, guid: 336ae90d0890e5e4ebded6ecb765aa7b, type: 3}
      propertyPath: m_LocalPosition.x
      value: -1.500001
      objectReference: {fileID: 0}
    - target: {fileID: 4739670922374528, guid: 336ae90d0890e5e4ebded6ecb765aa7b, type: 3}
      propertyPath: m_LocalPosition.y
      value: 0
      objectReference: {fileID: 0}
    - target: {fileID: 4739670922374528, guid: 336ae90d0890e5e4ebded6ecb765aa7b, type: 3}
      propertyPath: m_LocalPosition.z
      value: -3.5000002
      objectReference: {fileID: 0}
    - target: {fileID: 4739670922374528, guid: 336ae90d0890e5e4ebded6ecb765aa7b, type: 3}
      propertyPath: m_LocalRotation.x
      value: -0
      objectReference: {fileID: 0}
    - target: {fileID: 4739670922374528, guid: 336ae90d0890e5e4ebded6ecb765aa7b, type: 3}
      propertyPath: m_LocalRotation.y
      value: 0.7071079
      objectReference: {fileID: 0}
    - target: {fileID: 4739670922374528, guid: 336ae90d0890e5e4ebded6ecb765aa7b, type: 3}
      propertyPath: m_LocalRotation.z
      value: -0
      objectReference: {fileID: 0}
    - target: {fileID: 4739670922374528, guid: 336ae90d0890e5e4ebded6ecb765aa7b, type: 3}
      propertyPath: m_LocalRotation.w
      value: 0.70710576
      objectReference: {fileID: 0}
    - target: {fileID: 4739670922374528, guid: 336ae90d0890e5e4ebded6ecb765aa7b, type: 3}
      propertyPath: m_RootOrder
      value: 9
      objectReference: {fileID: 0}
    - target: {fileID: 4739670922374528, guid: 336ae90d0890e5e4ebded6ecb765aa7b, type: 3}
      propertyPath: m_LocalEulerAnglesHint.x
      value: 0
      objectReference: {fileID: 0}
    - target: {fileID: 4739670922374528, guid: 336ae90d0890e5e4ebded6ecb765aa7b, type: 3}
      propertyPath: m_LocalEulerAnglesHint.y
      value: 90.00001
      objectReference: {fileID: 0}
    - target: {fileID: 4739670922374528, guid: 336ae90d0890e5e4ebded6ecb765aa7b, type: 3}
      propertyPath: m_LocalEulerAnglesHint.z
      value: 0
      objectReference: {fileID: 0}
    - target: {fileID: 4739670922374528, guid: 336ae90d0890e5e4ebded6ecb765aa7b, type: 3}
      propertyPath: m_LocalScale.x
      value: 1.2999996
      objectReference: {fileID: 0}
    - target: {fileID: 4739670922374528, guid: 336ae90d0890e5e4ebded6ecb765aa7b, type: 3}
      propertyPath: m_LocalScale.y
      value: 1.703796
      objectReference: {fileID: 0}
    - target: {fileID: 4739670922374528, guid: 336ae90d0890e5e4ebded6ecb765aa7b, type: 3}
      propertyPath: m_LocalScale.z
      value: 1.2999996
      objectReference: {fileID: 0}
    m_RemovedComponents: []
  m_SourcePrefab: {fileID: 100100000, guid: 336ae90d0890e5e4ebded6ecb765aa7b, type: 3}
--- !u!4 &3652307834950020827 stripped
Transform:
  m_CorrespondingSourceObject: {fileID: 4739670922374528, guid: 336ae90d0890e5e4ebded6ecb765aa7b,
    type: 3}
  m_PrefabInstance: {fileID: 3656725074070487899}
  m_PrefabAsset: {fileID: 0}
--- !u!1001 &3895054347260020529
PrefabInstance:
  m_ObjectHideFlags: 0
  serializedVersion: 2
  m_Modification:
    m_TransformParent: {fileID: 1275428009025984432}
    m_Modifications:
    - target: {fileID: 1047147892669800, guid: db0fed1850ff2034bbe79cda140b950f, type: 3}
      propertyPath: m_Name
      value: Stone_2 (1)
      objectReference: {fileID: 0}
    - target: {fileID: 4872503539062936, guid: db0fed1850ff2034bbe79cda140b950f, type: 3}
      propertyPath: m_LocalPosition.x
      value: -0.8200011
      objectReference: {fileID: 0}
    - target: {fileID: 4872503539062936, guid: db0fed1850ff2034bbe79cda140b950f, type: 3}
      propertyPath: m_LocalPosition.y
      value: 0
      objectReference: {fileID: 0}
    - target: {fileID: 4872503539062936, guid: db0fed1850ff2034bbe79cda140b950f, type: 3}
      propertyPath: m_LocalPosition.z
      value: -3.21
      objectReference: {fileID: 0}
    - target: {fileID: 4872503539062936, guid: db0fed1850ff2034bbe79cda140b950f, type: 3}
      propertyPath: m_LocalRotation.x
      value: -0
      objectReference: {fileID: 0}
    - target: {fileID: 4872503539062936, guid: db0fed1850ff2034bbe79cda140b950f, type: 3}
      propertyPath: m_LocalRotation.y
      value: 0.7071068
      objectReference: {fileID: 0}
    - target: {fileID: 4872503539062936, guid: db0fed1850ff2034bbe79cda140b950f, type: 3}
      propertyPath: m_LocalRotation.z
      value: -0
      objectReference: {fileID: 0}
    - target: {fileID: 4872503539062936, guid: db0fed1850ff2034bbe79cda140b950f, type: 3}
      propertyPath: m_LocalRotation.w
      value: 0.7071068
      objectReference: {fileID: 0}
    - target: {fileID: 4872503539062936, guid: db0fed1850ff2034bbe79cda140b950f, type: 3}
      propertyPath: m_RootOrder
      value: 1
      objectReference: {fileID: 0}
    - target: {fileID: 4872503539062936, guid: db0fed1850ff2034bbe79cda140b950f, type: 3}
      propertyPath: m_LocalEulerAnglesHint.x
      value: 0
      objectReference: {fileID: 0}
    - target: {fileID: 4872503539062936, guid: db0fed1850ff2034bbe79cda140b950f, type: 3}
      propertyPath: m_LocalEulerAnglesHint.y
      value: 0
      objectReference: {fileID: 0}
    - target: {fileID: 4872503539062936, guid: db0fed1850ff2034bbe79cda140b950f, type: 3}
      propertyPath: m_LocalEulerAnglesHint.z
      value: 0
      objectReference: {fileID: 0}
    - target: {fileID: 4872503539062936, guid: db0fed1850ff2034bbe79cda140b950f, type: 3}
      propertyPath: m_LocalScale.x
      value: 1
      objectReference: {fileID: 0}
    - target: {fileID: 4872503539062936, guid: db0fed1850ff2034bbe79cda140b950f, type: 3}
      propertyPath: m_LocalScale.z
      value: 1
      objectReference: {fileID: 0}
    - target: {fileID: 4872503539062936, guid: db0fed1850ff2034bbe79cda140b950f, type: 3}
      propertyPath: m_LocalScale.y
      value: 1
      objectReference: {fileID: 0}
    m_RemovedComponents: []
  m_SourcePrefab: {fileID: 100100000, guid: db0fed1850ff2034bbe79cda140b950f, type: 3}
--- !u!4 &3899920252655017897 stripped
Transform:
  m_CorrespondingSourceObject: {fileID: 4872503539062936, guid: db0fed1850ff2034bbe79cda140b950f,
    type: 3}
  m_PrefabInstance: {fileID: 3895054347260020529}
  m_PrefabAsset: {fileID: 0}
--- !u!1001 &3990801213496073121
PrefabInstance:
  m_ObjectHideFlags: 0
  serializedVersion: 2
  m_Modification:
    m_TransformParent: {fileID: 4293703289488127012}
    m_Modifications:
    - target: {fileID: 1815078820708826, guid: 4d0f6418c92e4d146bc3f77c06428067, type: 3}
      propertyPath: m_Name
      value: Debris_4_Decal
      objectReference: {fileID: 0}
    - target: {fileID: 4921738240740388, guid: 4d0f6418c92e4d146bc3f77c06428067, type: 3}
      propertyPath: m_LocalPosition.x
      value: -1.6090012
      objectReference: {fileID: 0}
    - target: {fileID: 4921738240740388, guid: 4d0f6418c92e4d146bc3f77c06428067, type: 3}
      propertyPath: m_LocalPosition.y
      value: 0.0005
      objectReference: {fileID: 0}
    - target: {fileID: 4921738240740388, guid: 4d0f6418c92e4d146bc3f77c06428067, type: 3}
      propertyPath: m_LocalPosition.z
      value: -1.928999
      objectReference: {fileID: 0}
    - target: {fileID: 4921738240740388, guid: 4d0f6418c92e4d146bc3f77c06428067, type: 3}
      propertyPath: m_LocalRotation.x
      value: -0
      objectReference: {fileID: 0}
    - target: {fileID: 4921738240740388, guid: 4d0f6418c92e4d146bc3f77c06428067, type: 3}
      propertyPath: m_LocalRotation.y
      value: 0.7071068
      objectReference: {fileID: 0}
    - target: {fileID: 4921738240740388, guid: 4d0f6418c92e4d146bc3f77c06428067, type: 3}
      propertyPath: m_LocalRotation.z
      value: -0
      objectReference: {fileID: 0}
    - target: {fileID: 4921738240740388, guid: 4d0f6418c92e4d146bc3f77c06428067, type: 3}
      propertyPath: m_LocalRotation.w
      value: 0.7071068
      objectReference: {fileID: 0}
    - target: {fileID: 4921738240740388, guid: 4d0f6418c92e4d146bc3f77c06428067, type: 3}
      propertyPath: m_RootOrder
      value: 1
      objectReference: {fileID: 0}
    - target: {fileID: 4921738240740388, guid: 4d0f6418c92e4d146bc3f77c06428067, type: 3}
      propertyPath: m_LocalEulerAnglesHint.x
      value: 0
      objectReference: {fileID: 0}
    - target: {fileID: 4921738240740388, guid: 4d0f6418c92e4d146bc3f77c06428067, type: 3}
      propertyPath: m_LocalEulerAnglesHint.y
      value: 0
      objectReference: {fileID: 0}
    - target: {fileID: 4921738240740388, guid: 4d0f6418c92e4d146bc3f77c06428067, type: 3}
      propertyPath: m_LocalEulerAnglesHint.z
      value: 0
      objectReference: {fileID: 0}
    - target: {fileID: 4921738240740388, guid: 4d0f6418c92e4d146bc3f77c06428067, type: 3}
      propertyPath: m_LocalScale.x
      value: 0.8483193
      objectReference: {fileID: 0}
    - target: {fileID: 4921738240740388, guid: 4d0f6418c92e4d146bc3f77c06428067, type: 3}
      propertyPath: m_LocalScale.y
      value: 0.8483191
      objectReference: {fileID: 0}
    - target: {fileID: 4921738240740388, guid: 4d0f6418c92e4d146bc3f77c06428067, type: 3}
      propertyPath: m_LocalScale.z
      value: 0.6820756
      objectReference: {fileID: 0}
    m_RemovedComponents: []
  m_SourcePrefab: {fileID: 100100000, guid: 4d0f6418c92e4d146bc3f77c06428067, type: 3}
--- !u!4 &3995626098227795845 stripped
Transform:
  m_CorrespondingSourceObject: {fileID: 4921738240740388, guid: 4d0f6418c92e4d146bc3f77c06428067,
    type: 3}
  m_PrefabInstance: {fileID: 3990801213496073121}
  m_PrefabAsset: {fileID: 0}
--- !u!1001 &4895059725865976559
PrefabInstance:
  m_ObjectHideFlags: 0
  serializedVersion: 2
  m_Modification:
    m_TransformParent: {fileID: 1275428009025984432}
    m_Modifications:
    - target: {fileID: 658926069935259815, guid: bc56cd046ee8b96449c792848425b2d3,
        type: 3}
      propertyPath: m_LocalPosition.x
      value: -0.50000095
      objectReference: {fileID: 0}
    - target: {fileID: 658926069935259815, guid: bc56cd046ee8b96449c792848425b2d3,
        type: 3}
      propertyPath: m_LocalPosition.y
      value: 0
      objectReference: {fileID: 0}
    - target: {fileID: 658926069935259815, guid: bc56cd046ee8b96449c792848425b2d3,
        type: 3}
      propertyPath: m_LocalPosition.z
      value: -3.45
      objectReference: {fileID: 0}
    - target: {fileID: 658926069935259815, guid: bc56cd046ee8b96449c792848425b2d3,
        type: 3}
      propertyPath: m_LocalRotation.x
      value: -0
      objectReference: {fileID: 0}
    - target: {fileID: 658926069935259815, guid: bc56cd046ee8b96449c792848425b2d3,
        type: 3}
      propertyPath: m_LocalRotation.y
      value: 1
      objectReference: {fileID: 0}
    - target: {fileID: 658926069935259815, guid: bc56cd046ee8b96449c792848425b2d3,
        type: 3}
      propertyPath: m_LocalRotation.z
      value: -0
      objectReference: {fileID: 0}
    - target: {fileID: 658926069935259815, guid: bc56cd046ee8b96449c792848425b2d3,
        type: 3}
      propertyPath: m_LocalRotation.w
      value: 0
      objectReference: {fileID: 0}
    - target: {fileID: 658926069935259815, guid: bc56cd046ee8b96449c792848425b2d3,
        type: 3}
      propertyPath: m_RootOrder
      value: 7
      objectReference: {fileID: 0}
    - target: {fileID: 658926069935259815, guid: bc56cd046ee8b96449c792848425b2d3,
        type: 3}
      propertyPath: m_LocalEulerAnglesHint.x
      value: 0
      objectReference: {fileID: 0}
    - target: {fileID: 658926069935259815, guid: bc56cd046ee8b96449c792848425b2d3,
        type: 3}
      propertyPath: m_LocalEulerAnglesHint.y
      value: -989.998
      objectReference: {fileID: 0}
    - target: {fileID: 658926069935259815, guid: bc56cd046ee8b96449c792848425b2d3,
        type: 3}
      propertyPath: m_LocalEulerAnglesHint.z
      value: 0
      objectReference: {fileID: 0}
    - target: {fileID: 658926069935259815, guid: bc56cd046ee8b96449c792848425b2d3,
        type: 3}
      propertyPath: m_LocalScale.x
      value: 1
      objectReference: {fileID: 0}
    - target: {fileID: 658926069935259815, guid: bc56cd046ee8b96449c792848425b2d3,
        type: 3}
      propertyPath: m_LocalScale.z
      value: 1
      objectReference: {fileID: 0}
    - target: {fileID: 658926069935259815, guid: bc56cd046ee8b96449c792848425b2d3,
        type: 3}
      propertyPath: m_LocalScale.y
      value: 1
      objectReference: {fileID: 0}
    - target: {fileID: 659886632860420977, guid: bc56cd046ee8b96449c792848425b2d3,
        type: 3}
      propertyPath: m_Name
      value: 4m_Base_Trim (1)
      objectReference: {fileID: 0}
    m_RemovedComponents: []
  m_SourcePrefab: {fileID: 100100000, guid: bc56cd046ee8b96449c792848425b2d3, type: 3}
--- !u!4 &5389198133864186440 stripped
Transform:
  m_CorrespondingSourceObject: {fileID: 658926069935259815, guid: bc56cd046ee8b96449c792848425b2d3,
    type: 3}
  m_PrefabInstance: {fileID: 4895059725865976559}
  m_PrefabAsset: {fileID: 0}
--- !u!1001 &4939677342316641391
PrefabInstance:
  m_ObjectHideFlags: 0
  serializedVersion: 2
  m_Modification:
    m_TransformParent: {fileID: 1275428009025984432}
    m_Modifications:
    - target: {fileID: 1047147892669800, guid: db0fed1850ff2034bbe79cda140b950f, type: 3}
      propertyPath: m_Name
      value: Stone_2 (3)
      objectReference: {fileID: 0}
    - target: {fileID: 4872503539062936, guid: db0fed1850ff2034bbe79cda140b950f, type: 3}
      propertyPath: m_LocalPosition.x
      value: 1.512999
      objectReference: {fileID: 0}
    - target: {fileID: 4872503539062936, guid: db0fed1850ff2034bbe79cda140b950f, type: 3}
      propertyPath: m_LocalPosition.y
      value: 0.068
      objectReference: {fileID: 0}
    - target: {fileID: 4872503539062936, guid: db0fed1850ff2034bbe79cda140b950f, type: 3}
      propertyPath: m_LocalPosition.z
      value: -0.223
      objectReference: {fileID: 0}
    - target: {fileID: 4872503539062936, guid: db0fed1850ff2034bbe79cda140b950f, type: 3}
      propertyPath: m_LocalRotation.x
      value: 0.7071068
      objectReference: {fileID: 0}
    - target: {fileID: 4872503539062936, guid: db0fed1850ff2034bbe79cda140b950f, type: 3}
      propertyPath: m_LocalRotation.y
      value: 0.00009248715
      objectReference: {fileID: 0}
    - target: {fileID: 4872503539062936, guid: db0fed1850ff2034bbe79cda140b950f, type: 3}
      propertyPath: m_LocalRotation.z
      value: 0.7071068
      objectReference: {fileID: 0}
    - target: {fileID: 4872503539062936, guid: db0fed1850ff2034bbe79cda140b950f, type: 3}
      propertyPath: m_LocalRotation.w
      value: 0.00009248715
      objectReference: {fileID: 0}
    - target: {fileID: 4872503539062936, guid: db0fed1850ff2034bbe79cda140b950f, type: 3}
      propertyPath: m_RootOrder
      value: 3
      objectReference: {fileID: 0}
    - target: {fileID: 4872503539062936, guid: db0fed1850ff2034bbe79cda140b950f, type: 3}
      propertyPath: m_LocalEulerAnglesHint.x
      value: 0
      objectReference: {fileID: 0}
    - target: {fileID: 4872503539062936, guid: db0fed1850ff2034bbe79cda140b950f, type: 3}
      propertyPath: m_LocalEulerAnglesHint.y
      value: 90
      objectReference: {fileID: 0}
    - target: {fileID: 4872503539062936, guid: db0fed1850ff2034bbe79cda140b950f, type: 3}
      propertyPath: m_LocalEulerAnglesHint.z
      value: 179.98502
      objectReference: {fileID: 0}
    - target: {fileID: 4872503539062936, guid: db0fed1850ff2034bbe79cda140b950f, type: 3}
      propertyPath: m_LocalScale.x
      value: 1
      objectReference: {fileID: 0}
    - target: {fileID: 4872503539062936, guid: db0fed1850ff2034bbe79cda140b950f, type: 3}
      propertyPath: m_LocalScale.z
      value: 1
      objectReference: {fileID: 0}
    - target: {fileID: 4872503539062936, guid: db0fed1850ff2034bbe79cda140b950f, type: 3}
      propertyPath: m_LocalScale.y
      value: 1
      objectReference: {fileID: 0}
    m_RemovedComponents: []
  m_SourcePrefab: {fileID: 100100000, guid: db0fed1850ff2034bbe79cda140b950f, type: 3}
--- !u!4 &4943841725988267255 stripped
Transform:
  m_CorrespondingSourceObject: {fileID: 4872503539062936, guid: db0fed1850ff2034bbe79cda140b950f,
    type: 3}
  m_PrefabInstance: {fileID: 4939677342316641391}
  m_PrefabAsset: {fileID: 0}
--- !u!1001 &5847666479030295695
PrefabInstance:
  m_ObjectHideFlags: 0
  serializedVersion: 2
  m_Modification:
    m_TransformParent: {fileID: 1275428009025984432}
    m_Modifications:
    - target: {fileID: 1047147892669800, guid: db0fed1850ff2034bbe79cda140b950f, type: 3}
      propertyPath: m_Name
      value: Stone_2 (2)
      objectReference: {fileID: 0}
    - target: {fileID: 4872503539062936, guid: db0fed1850ff2034bbe79cda140b950f, type: 3}
      propertyPath: m_LocalPosition.x
      value: -1.5230012
      objectReference: {fileID: 0}
    - target: {fileID: 4872503539062936, guid: db0fed1850ff2034bbe79cda140b950f, type: 3}
      propertyPath: m_LocalPosition.y
      value: 0
      objectReference: {fileID: 0}
    - target: {fileID: 4872503539062936, guid: db0fed1850ff2034bbe79cda140b950f, type: 3}
      propertyPath: m_LocalPosition.z
      value: -2.7389994
      objectReference: {fileID: 0}
    - target: {fileID: 4872503539062936, guid: db0fed1850ff2034bbe79cda140b950f, type: 3}
      propertyPath: m_LocalRotation.x
      value: -0
      objectReference: {fileID: 0}
    - target: {fileID: 4872503539062936, guid: db0fed1850ff2034bbe79cda140b950f, type: 3}
      propertyPath: m_LocalRotation.y
      value: 1
      objectReference: {fileID: 0}
    - target: {fileID: 4872503539062936, guid: db0fed1850ff2034bbe79cda140b950f, type: 3}
      propertyPath: m_LocalRotation.z
      value: -0
      objectReference: {fileID: 0}
    - target: {fileID: 4872503539062936, guid: db0fed1850ff2034bbe79cda140b950f, type: 3}
      propertyPath: m_LocalRotation.w
      value: 0.00013309717
      objectReference: {fileID: 0}
    - target: {fileID: 4872503539062936, guid: db0fed1850ff2034bbe79cda140b950f, type: 3}
      propertyPath: m_RootOrder
      value: 0
      objectReference: {fileID: 0}
    - target: {fileID: 4872503539062936, guid: db0fed1850ff2034bbe79cda140b950f, type: 3}
      propertyPath: m_LocalEulerAnglesHint.x
      value: 0
      objectReference: {fileID: 0}
    - target: {fileID: 4872503539062936, guid: db0fed1850ff2034bbe79cda140b950f, type: 3}
      propertyPath: m_LocalEulerAnglesHint.y
      value: 89.985
      objectReference: {fileID: 0}
    - target: {fileID: 4872503539062936, guid: db0fed1850ff2034bbe79cda140b950f, type: 3}
      propertyPath: m_LocalEulerAnglesHint.z
      value: 0
      objectReference: {fileID: 0}
    - target: {fileID: 4872503539062936, guid: db0fed1850ff2034bbe79cda140b950f, type: 3}
      propertyPath: m_LocalScale.x
      value: 1
      objectReference: {fileID: 0}
    - target: {fileID: 4872503539062936, guid: db0fed1850ff2034bbe79cda140b950f, type: 3}
      propertyPath: m_LocalScale.z
      value: 1
      objectReference: {fileID: 0}
    - target: {fileID: 4872503539062936, guid: db0fed1850ff2034bbe79cda140b950f, type: 3}
      propertyPath: m_LocalScale.y
      value: 1
      objectReference: {fileID: 0}
    m_RemovedComponents: []
  m_SourcePrefab: {fileID: 100100000, guid: db0fed1850ff2034bbe79cda140b950f, type: 3}
--- !u!4 &5851963902469047319 stripped
Transform:
  m_CorrespondingSourceObject: {fileID: 4872503539062936, guid: db0fed1850ff2034bbe79cda140b950f,
    type: 3}
  m_PrefabInstance: {fileID: 5847666479030295695}
  m_PrefabAsset: {fileID: 0}
--- !u!1001 &5905768157788057832
PrefabInstance:
  m_ObjectHideFlags: 0
  serializedVersion: 2
  m_Modification:
    m_TransformParent: {fileID: 4293703289488127012}
    m_Modifications:
    - target: {fileID: 1165528534935938, guid: 32ef3408cf46e044587a57b62ec85604, type: 3}
      propertyPath: m_Name
      value: Debris_3_Decal
      objectReference: {fileID: 0}
    - target: {fileID: 4150091798702738, guid: 32ef3408cf46e044587a57b62ec85604, type: 3}
      propertyPath: m_LocalPosition.x
      value: -0.1960001
      objectReference: {fileID: 0}
    - target: {fileID: 4150091798702738, guid: 32ef3408cf46e044587a57b62ec85604, type: 3}
      propertyPath: m_LocalPosition.y
      value: 0.001
      objectReference: {fileID: 0}
    - target: {fileID: 4150091798702738, guid: 32ef3408cf46e044587a57b62ec85604, type: 3}
      propertyPath: m_LocalPosition.z
      value: -3.5000043
      objectReference: {fileID: 0}
    - target: {fileID: 4150091798702738, guid: 32ef3408cf46e044587a57b62ec85604, type: 3}
      propertyPath: m_LocalRotation.x
      value: -0
      objectReference: {fileID: 0}
    - target: {fileID: 4150091798702738, guid: 32ef3408cf46e044587a57b62ec85604, type: 3}
      propertyPath: m_LocalRotation.y
      value: 1
      objectReference: {fileID: 0}
    - target: {fileID: 4150091798702738, guid: 32ef3408cf46e044587a57b62ec85604, type: 3}
      propertyPath: m_LocalRotation.z
      value: -0
      objectReference: {fileID: 0}
    - target: {fileID: 4150091798702738, guid: 32ef3408cf46e044587a57b62ec85604, type: 3}
      propertyPath: m_LocalRotation.w
      value: 0.0000013113021
      objectReference: {fileID: 0}
    - target: {fileID: 4150091798702738, guid: 32ef3408cf46e044587a57b62ec85604, type: 3}
      propertyPath: m_RootOrder
      value: 0
      objectReference: {fileID: 0}
    - target: {fileID: 4150091798702738, guid: 32ef3408cf46e044587a57b62ec85604, type: 3}
      propertyPath: m_LocalEulerAnglesHint.x
      value: 0
      objectReference: {fileID: 0}
    - target: {fileID: 4150091798702738, guid: 32ef3408cf46e044587a57b62ec85604, type: 3}
      propertyPath: m_LocalEulerAnglesHint.y
      value: 90.00001
      objectReference: {fileID: 0}
    - target: {fileID: 4150091798702738, guid: 32ef3408cf46e044587a57b62ec85604, type: 3}
      propertyPath: m_LocalEulerAnglesHint.z
      value: 0
      objectReference: {fileID: 0}
    - target: {fileID: 4150091798702738, guid: 32ef3408cf46e044587a57b62ec85604, type: 3}
      propertyPath: m_LocalScale.x
      value: 0.8483193
      objectReference: {fileID: 0}
    - target: {fileID: 4150091798702738, guid: 32ef3408cf46e044587a57b62ec85604, type: 3}
      propertyPath: m_LocalScale.y
      value: 0.8483191
      objectReference: {fileID: 0}
    - target: {fileID: 4150091798702738, guid: 32ef3408cf46e044587a57b62ec85604, type: 3}
      propertyPath: m_LocalScale.z
      value: 0.68207586
      objectReference: {fileID: 0}
    m_RemovedComponents: []
  m_SourcePrefab: {fileID: 100100000, guid: 32ef3408cf46e044587a57b62ec85604, type: 3}
--- !u!4 &5907384218806606458 stripped
Transform:
  m_CorrespondingSourceObject: {fileID: 4150091798702738, guid: 32ef3408cf46e044587a57b62ec85604,
    type: 3}
  m_PrefabInstance: {fileID: 5905768157788057832}
  m_PrefabAsset: {fileID: 0}
--- !u!1001 &6635471940698272202
PrefabInstance:
  m_ObjectHideFlags: 0
  serializedVersion: 2
  m_Modification:
    m_TransformParent: {fileID: 1275428009025984432}
    m_Modifications:
    - target: {fileID: 1047147892669800, guid: db0fed1850ff2034bbe79cda140b950f, type: 3}
      propertyPath: m_Name
      value: Stone_2 (4)
      objectReference: {fileID: 0}
    - target: {fileID: 4872503539062936, guid: db0fed1850ff2034bbe79cda140b950f, type: 3}
      propertyPath: m_LocalPosition.x
      value: 1.823999
      objectReference: {fileID: 0}
    - target: {fileID: 4872503539062936, guid: db0fed1850ff2034bbe79cda140b950f, type: 3}
      propertyPath: m_LocalPosition.y
      value: 0.072
      objectReference: {fileID: 0}
    - target: {fileID: 4872503539062936, guid: db0fed1850ff2034bbe79cda140b950f, type: 3}
      propertyPath: m_LocalPosition.z
      value: -0.525
      objectReference: {fileID: 0}
    - target: {fileID: 4872503539062936, guid: db0fed1850ff2034bbe79cda140b950f, type: 3}
      propertyPath: m_LocalRotation.x
      value: -0
      objectReference: {fileID: 0}
    - target: {fileID: 4872503539062936, guid: db0fed1850ff2034bbe79cda140b950f, type: 3}
      propertyPath: m_LocalRotation.y
      value: -0
      objectReference: {fileID: 0}
    - target: {fileID: 4872503539062936, guid: db0fed1850ff2034bbe79cda140b950f, type: 3}
      propertyPath: m_LocalRotation.z
      value: 1
      objectReference: {fileID: 0}
    - target: {fileID: 4872503539062936, guid: db0fed1850ff2034bbe79cda140b950f, type: 3}
      propertyPath: m_LocalRotation.w
      value: 0.00013079657
      objectReference: {fileID: 0}
    - target: {fileID: 4872503539062936, guid: db0fed1850ff2034bbe79cda140b950f, type: 3}
      propertyPath: m_RootOrder
      value: 4
      objectReference: {fileID: 0}
    - target: {fileID: 4872503539062936, guid: db0fed1850ff2034bbe79cda140b950f, type: 3}
      propertyPath: m_LocalEulerAnglesHint.x
      value: 0
      objectReference: {fileID: 0}
    - target: {fileID: 4872503539062936, guid: db0fed1850ff2034bbe79cda140b950f, type: 3}
      propertyPath: m_LocalEulerAnglesHint.y
      value: 0
      objectReference: {fileID: 0}
    - target: {fileID: 4872503539062936, guid: db0fed1850ff2034bbe79cda140b950f, type: 3}
      propertyPath: m_LocalEulerAnglesHint.z
      value: 179.98502
      objectReference: {fileID: 0}
    - target: {fileID: 4872503539062936, guid: db0fed1850ff2034bbe79cda140b950f, type: 3}
      propertyPath: m_LocalScale.x
      value: 1
      objectReference: {fileID: 0}
    - target: {fileID: 4872503539062936, guid: db0fed1850ff2034bbe79cda140b950f, type: 3}
      propertyPath: m_LocalScale.z
      value: 1
      objectReference: {fileID: 0}
    - target: {fileID: 4872503539062936, guid: db0fed1850ff2034bbe79cda140b950f, type: 3}
      propertyPath: m_LocalScale.y
      value: 1
      objectReference: {fileID: 0}
    m_RemovedComponents: []
  m_SourcePrefab: {fileID: 100100000, guid: db0fed1850ff2034bbe79cda140b950f, type: 3}
--- !u!4 &6630601670562195794 stripped
Transform:
  m_CorrespondingSourceObject: {fileID: 4872503539062936, guid: db0fed1850ff2034bbe79cda140b950f,
    type: 3}
  m_PrefabInstance: {fileID: 6635471940698272202}
  m_PrefabAsset: {fileID: 0}
--- !u!1001 &6831699180852470554
PrefabInstance:
  m_ObjectHideFlags: 0
  serializedVersion: 2
  m_Modification:
    m_TransformParent: {fileID: 1275428009025984432}
    m_Modifications:
    - target: {fileID: 658926069935259815, guid: bc56cd046ee8b96449c792848425b2d3,
        type: 3}
      propertyPath: m_LocalPosition.x
      value: -1.450001
      objectReference: {fileID: 0}
    - target: {fileID: 658926069935259815, guid: bc56cd046ee8b96449c792848425b2d3,
        type: 3}
      propertyPath: m_LocalPosition.y
      value: 0
      objectReference: {fileID: 0}
    - target: {fileID: 658926069935259815, guid: bc56cd046ee8b96449c792848425b2d3,
        type: 3}
      propertyPath: m_LocalPosition.z
      value: -2.5
      objectReference: {fileID: 0}
    - target: {fileID: 658926069935259815, guid: bc56cd046ee8b96449c792848425b2d3,
        type: 3}
      propertyPath: m_LocalRotation.x
      value: -0
      objectReference: {fileID: 0}
    - target: {fileID: 658926069935259815, guid: bc56cd046ee8b96449c792848425b2d3,
        type: 3}
      propertyPath: m_LocalRotation.y
      value: 0.7071068
      objectReference: {fileID: 0}
    - target: {fileID: 658926069935259815, guid: bc56cd046ee8b96449c792848425b2d3,
        type: 3}
      propertyPath: m_LocalRotation.z
      value: -0
      objectReference: {fileID: 0}
    - target: {fileID: 658926069935259815, guid: bc56cd046ee8b96449c792848425b2d3,
        type: 3}
      propertyPath: m_LocalRotation.w
      value: -0.7071068
      objectReference: {fileID: 0}
    - target: {fileID: 658926069935259815, guid: bc56cd046ee8b96449c792848425b2d3,
        type: 3}
      propertyPath: m_RootOrder
      value: 8
      objectReference: {fileID: 0}
    - target: {fileID: 658926069935259815, guid: bc56cd046ee8b96449c792848425b2d3,
        type: 3}
      propertyPath: m_LocalEulerAnglesHint.x
      value: 0
      objectReference: {fileID: 0}
    - target: {fileID: 658926069935259815, guid: bc56cd046ee8b96449c792848425b2d3,
        type: 3}
      propertyPath: m_LocalEulerAnglesHint.y
      value: -899.998
      objectReference: {fileID: 0}
    - target: {fileID: 658926069935259815, guid: bc56cd046ee8b96449c792848425b2d3,
        type: 3}
      propertyPath: m_LocalEulerAnglesHint.z
      value: 0
      objectReference: {fileID: 0}
    - target: {fileID: 658926069935259815, guid: bc56cd046ee8b96449c792848425b2d3,
        type: 3}
      propertyPath: m_LocalScale.x
      value: 1
      objectReference: {fileID: 0}
    - target: {fileID: 658926069935259815, guid: bc56cd046ee8b96449c792848425b2d3,
        type: 3}
      propertyPath: m_LocalScale.z
      value: 1
      objectReference: {fileID: 0}
    - target: {fileID: 658926069935259815, guid: bc56cd046ee8b96449c792848425b2d3,
        type: 3}
      propertyPath: m_LocalScale.y
      value: 1
      objectReference: {fileID: 0}
    - target: {fileID: 659886632860420977, guid: bc56cd046ee8b96449c792848425b2d3,
        type: 3}
      propertyPath: m_Name
      value: 4m_Base_Trim
      objectReference: {fileID: 0}
    m_RemovedComponents: []
  m_SourcePrefab: {fileID: 100100000, guid: bc56cd046ee8b96449c792848425b2d3, type: 3}
--- !u!4 &6335416723238659005 stripped
Transform:
  m_CorrespondingSourceObject: {fileID: 658926069935259815, guid: bc56cd046ee8b96449c792848425b2d3,
    type: 3}
  m_PrefabInstance: {fileID: 6831699180852470554}
  m_PrefabAsset: {fileID: 0}
--- !u!1001 &7194349994546115592
PrefabInstance:
  m_ObjectHideFlags: 0
  serializedVersion: 2
  m_Modification:
    m_TransformParent: {fileID: 5359287084816155876}
    m_Modifications:
    - target: {fileID: 1535211966013636, guid: 68276ef604bfb7348be3309f3da18785, type: 3}
      propertyPath: m_Name
      value: iron_props_firebowl_assembly
      objectReference: {fileID: 0}
    - target: {fileID: 4718359259486234, guid: 68276ef604bfb7348be3309f3da18785, type: 3}
      propertyPath: m_LocalPosition.x
      value: -1
      objectReference: {fileID: 0}
    - target: {fileID: 4718359259486234, guid: 68276ef604bfb7348be3309f3da18785, type: 3}
      propertyPath: m_LocalPosition.y
      value: 0
      objectReference: {fileID: 0}
    - target: {fileID: 4718359259486234, guid: 68276ef604bfb7348be3309f3da18785, type: 3}
      propertyPath: m_LocalPosition.z
      value: -2
      objectReference: {fileID: 0}
    - target: {fileID: 4718359259486234, guid: 68276ef604bfb7348be3309f3da18785, type: 3}
      propertyPath: m_LocalRotation.x
      value: 0
      objectReference: {fileID: 0}
    - target: {fileID: 4718359259486234, guid: 68276ef604bfb7348be3309f3da18785, type: 3}
      propertyPath: m_LocalRotation.y
      value: 0
      objectReference: {fileID: 0}
    - target: {fileID: 4718359259486234, guid: 68276ef604bfb7348be3309f3da18785, type: 3}
      propertyPath: m_LocalRotation.z
      value: 0
      objectReference: {fileID: 0}
    - target: {fileID: 4718359259486234, guid: 68276ef604bfb7348be3309f3da18785, type: 3}
      propertyPath: m_LocalRotation.w
      value: 1
      objectReference: {fileID: 0}
    - target: {fileID: 4718359259486234, guid: 68276ef604bfb7348be3309f3da18785, type: 3}
      propertyPath: m_RootOrder
      value: 0
      objectReference: {fileID: 0}
    - target: {fileID: 4718359259486234, guid: 68276ef604bfb7348be3309f3da18785, type: 3}
      propertyPath: m_LocalEulerAnglesHint.x
      value: 0
      objectReference: {fileID: 0}
    - target: {fileID: 4718359259486234, guid: 68276ef604bfb7348be3309f3da18785, type: 3}
      propertyPath: m_LocalEulerAnglesHint.y
      value: 0
      objectReference: {fileID: 0}
    - target: {fileID: 4718359259486234, guid: 68276ef604bfb7348be3309f3da18785, type: 3}
      propertyPath: m_LocalEulerAnglesHint.z
      value: 0
      objectReference: {fileID: 0}
    - target: {fileID: 4718359259486234, guid: 68276ef604bfb7348be3309f3da18785, type: 3}
      propertyPath: m_LocalScale.x
      value: 1.5
      objectReference: {fileID: 0}
    - target: {fileID: 4718359259486234, guid: 68276ef604bfb7348be3309f3da18785, type: 3}
      propertyPath: m_LocalScale.y
      value: 1.5
      objectReference: {fileID: 0}
    - target: {fileID: 4718359259486234, guid: 68276ef604bfb7348be3309f3da18785, type: 3}
      propertyPath: m_LocalScale.z
      value: 1.5
      objectReference: {fileID: 0}
    m_RemovedComponents: []
  m_SourcePrefab: {fileID: 100100000, guid: 68276ef604bfb7348be3309f3da18785, type: 3}
--- !u!4 &7189913660860705810 stripped
Transform:
  m_CorrespondingSourceObject: {fileID: 4718359259486234, guid: 68276ef604bfb7348be3309f3da18785,
    type: 3}
  m_PrefabInstance: {fileID: 7194349994546115592}
  m_PrefabAsset: {fileID: 0}
--- !u!1001 &8064888777227607236
PrefabInstance:
  m_ObjectHideFlags: 0
  serializedVersion: 2
  m_Modification:
    m_TransformParent: {fileID: 1275428009025984432}
    m_Modifications:
    - target: {fileID: 1047147892669800, guid: db0fed1850ff2034bbe79cda140b950f, type: 3}
      propertyPath: m_Name
      value: Stone_2
      objectReference: {fileID: 0}
    - target: {fileID: 4872503539062936, guid: db0fed1850ff2034bbe79cda140b950f, type: 3}
      propertyPath: m_LocalPosition.x
      value: -0.71400094
      objectReference: {fileID: 0}
    - target: {fileID: 4872503539062936, guid: db0fed1850ff2034bbe79cda140b950f, type: 3}
      propertyPath: m_LocalPosition.y
      value: -0.016999999
      objectReference: {fileID: 0}
    - target: {fileID: 4872503539062936, guid: db0fed1850ff2034bbe79cda140b950f, type: 3}
      propertyPath: m_LocalPosition.z
      value: -3.1609998
      objectReference: {fileID: 0}
    - target: {fileID: 4872503539062936, guid: db0fed1850ff2034bbe79cda140b950f, type: 3}
      propertyPath: m_LocalRotation.x
      value: 0.00009831786
      objectReference: {fileID: 0}
    - target: {fileID: 4872503539062936, guid: db0fed1850ff2034bbe79cda140b950f, type: 3}
      propertyPath: m_LocalRotation.y
      value: 0.70710796
      objectReference: {fileID: 0}
    - target: {fileID: 4872503539062936, guid: db0fed1850ff2034bbe79cda140b950f, type: 3}
      propertyPath: m_LocalRotation.z
      value: 0.70710564
      objectReference: {fileID: 0}
    - target: {fileID: 4872503539062936, guid: db0fed1850ff2034bbe79cda140b950f, type: 3}
      propertyPath: m_LocalRotation.w
      value: 0.000094115734
      objectReference: {fileID: 0}
    - target: {fileID: 4872503539062936, guid: db0fed1850ff2034bbe79cda140b950f, type: 3}
      propertyPath: m_RootOrder
      value: 2
      objectReference: {fileID: 0}
    - target: {fileID: 4872503539062936, guid: db0fed1850ff2034bbe79cda140b950f, type: 3}
      propertyPath: m_LocalEulerAnglesHint.x
      value: -90.00001
      objectReference: {fileID: 0}
    - target: {fileID: 4872503539062936, guid: db0fed1850ff2034bbe79cda140b950f, type: 3}
      propertyPath: m_LocalEulerAnglesHint.y
      value: 0
      objectReference: {fileID: 0}
    - target: {fileID: 4872503539062936, guid: db0fed1850ff2034bbe79cda140b950f, type: 3}
      propertyPath: m_LocalEulerAnglesHint.z
      value: 90.00001
      objectReference: {fileID: 0}
    - target: {fileID: 4872503539062936, guid: db0fed1850ff2034bbe79cda140b950f, type: 3}
      propertyPath: m_LocalScale.x
      value: 1
      objectReference: {fileID: 0}
    - target: {fileID: 4872503539062936, guid: db0fed1850ff2034bbe79cda140b950f, type: 3}
      propertyPath: m_LocalScale.z
      value: 1
      objectReference: {fileID: 0}
    - target: {fileID: 4872503539062936, guid: db0fed1850ff2034bbe79cda140b950f, type: 3}
      propertyPath: m_LocalScale.y
      value: 1
      objectReference: {fileID: 0}
    m_RemovedComponents: []
  m_SourcePrefab: {fileID: 100100000, guid: db0fed1850ff2034bbe79cda140b950f, type: 3}
--- !u!4 &8069731558433703004 stripped
Transform:
  m_CorrespondingSourceObject: {fileID: 4872503539062936, guid: db0fed1850ff2034bbe79cda140b950f,
    type: 3}
  m_PrefabInstance: {fileID: 8064888777227607236}
  m_PrefabAsset: {fileID: 0}
--- !u!1001 &8455357908295823729
PrefabInstance:
  m_ObjectHideFlags: 0
  serializedVersion: 2
  m_Modification:
    m_TransformParent: {fileID: 664017924010983272}
    m_Modifications:
    - target: {fileID: 765606473523769221, guid: 088042e3a0c45b74fa6b3b3261fb1b3b,
        type: 3}
      propertyPath: m_LocalPosition.x
      value: 2
      objectReference: {fileID: 0}
    - target: {fileID: 765606473523769221, guid: 088042e3a0c45b74fa6b3b3261fb1b3b,
        type: 3}
      propertyPath: m_LocalPosition.y
      value: 0
      objectReference: {fileID: 0}
    - target: {fileID: 765606473523769221, guid: 088042e3a0c45b74fa6b3b3261fb1b3b,
        type: 3}
      propertyPath: m_LocalPosition.z
      value: 0
      objectReference: {fileID: 0}
    - target: {fileID: 765606473523769221, guid: 088042e3a0c45b74fa6b3b3261fb1b3b,
        type: 3}
      propertyPath: m_LocalRotation.x
      value: -0
      objectReference: {fileID: 0}
    - target: {fileID: 765606473523769221, guid: 088042e3a0c45b74fa6b3b3261fb1b3b,
        type: 3}
      propertyPath: m_LocalRotation.y
      value: -0
      objectReference: {fileID: 0}
    - target: {fileID: 765606473523769221, guid: 088042e3a0c45b74fa6b3b3261fb1b3b,
        type: 3}
      propertyPath: m_LocalRotation.z
      value: -0
      objectReference: {fileID: 0}
    - target: {fileID: 765606473523769221, guid: 088042e3a0c45b74fa6b3b3261fb1b3b,
        type: 3}
      propertyPath: m_LocalRotation.w
      value: 1
      objectReference: {fileID: 0}
    - target: {fileID: 765606473523769221, guid: 088042e3a0c45b74fa6b3b3261fb1b3b,
        type: 3}
      propertyPath: m_RootOrder
      value: 0
      objectReference: {fileID: 0}
    - target: {fileID: 765606473523769221, guid: 088042e3a0c45b74fa6b3b3261fb1b3b,
        type: 3}
      propertyPath: m_LocalEulerAnglesHint.x
      value: 0
      objectReference: {fileID: 0}
    - target: {fileID: 765606473523769221, guid: 088042e3a0c45b74fa6b3b3261fb1b3b,
        type: 3}
      propertyPath: m_LocalEulerAnglesHint.y
      value: 0
      objectReference: {fileID: 0}
    - target: {fileID: 765606473523769221, guid: 088042e3a0c45b74fa6b3b3261fb1b3b,
        type: 3}
      propertyPath: m_LocalEulerAnglesHint.z
      value: 0
      objectReference: {fileID: 0}
    - target: {fileID: 6137123747935403760, guid: 088042e3a0c45b74fa6b3b3261fb1b3b,
        type: 3}
      propertyPath: m_Name
      value: 4x4m_Floor
      objectReference: {fileID: 0}
    m_RemovedComponents: []
  m_SourcePrefab: {fileID: 100100000, guid: 088042e3a0c45b74fa6b3b3261fb1b3b, type: 3}
--- !u!4 &9207763576362409716 stripped
Transform:
  m_CorrespondingSourceObject: {fileID: 765606473523769221, guid: 088042e3a0c45b74fa6b3b3261fb1b3b,
    type: 3}
  m_PrefabInstance: {fileID: 8455357908295823729}
  m_PrefabAsset: {fileID: 0}
