%YAML 1.1
%TAG !u! tag:unity3d.com,2011:
--- !u!1 &108152386144118294
GameObject:
  m_ObjectHideFlags: 0
  m_CorrespondingSourceObject: {fileID: 0}
  m_PrefabInstance: {fileID: 0}
  m_PrefabAsset: {fileID: 0}
  serializedVersion: 6
  m_Component:
  - component: {fileID: 6471616219810370980}
  - component: {fileID: 8112249270010866729}
  m_Layer: 0
  m_Name: Port (1)
  m_TagString: Untagged
  m_Icon: {fileID: 0}
  m_NavMeshLayer: 0
  m_StaticEditorFlags: 4294967295
  m_IsActive: 1
--- !u!4 &6471616219810370980
Transform:
  m_ObjectHideFlags: 0
  m_CorrespondingSourceObject: {fileID: 0}
  m_PrefabInstance: {fileID: 0}
  m_PrefabAsset: {fileID: 0}
  m_GameObject: {fileID: 108152386144118294}
  m_LocalRotation: {x: 0, y: 1, z: 0, w: 0}
  m_LocalPosition: {x: 0, y: 0, z: -3}
  m_LocalScale: {x: 1, y: 1, z: 1}
  m_Children: []
  m_Father: {fileID: 2924500965711029222}
  m_RootOrder: 1
  m_LocalEulerAnglesHint: {x: 0, y: 180, z: 0}
--- !u!114 &8112249270010866729
MonoBehaviour:
  m_ObjectHideFlags: 0
  m_CorrespondingSourceObject: {fileID: 0}
  m_PrefabInstance: {fileID: 0}
  m_PrefabAsset: {fileID: 0}
  m_GameObject: {fileID: 108152386144118294}
  m_Enabled: 1
  m_EditorHideFlags: 0
  m_Script: {fileID: 11500000, guid: d6d599d7b8c583a4589bb650471cdb01, type: 3}
  m_Name: 
  m_EditorClassIdentifier: 
  type: {fileID: 11400000, guid: 5637ec041f19c6e42b68eac169d4af35, type: 2}
  formats:
  - part: {fileID: 7147912867634046046}
    mapping: {fileID: 11400000, guid: 87e40a4d2842d79469ed6bca460b4f42, type: 2}
--- !u!1 &1928898100949921981
GameObject:
  m_ObjectHideFlags: 0
  m_CorrespondingSourceObject: {fileID: 0}
  m_PrefabInstance: {fileID: 0}
  m_PrefabAsset: {fileID: 0}
  serializedVersion: 6
  m_Component:
  - component: {fileID: 7533862867864181308}
  - component: {fileID: 6170313644183639815}
  m_Layer: 0
  m_Name: Parts
  m_TagString: Untagged
  m_Icon: {fileID: 0}
  m_NavMeshLayer: 0
  m_StaticEditorFlags: 4294967295
  m_IsActive: 1
--- !u!4 &7533862867864181308
Transform:
  m_ObjectHideFlags: 0
  m_CorrespondingSourceObject: {fileID: 0}
  m_PrefabInstance: {fileID: 0}
  m_PrefabAsset: {fileID: 0}
  m_GameObject: {fileID: 1928898100949921981}
  m_LocalRotation: {x: 0, y: 0, z: 0, w: 1}
  m_LocalPosition: {x: 0, y: 0, z: 0}
  m_LocalScale: {x: 1, y: 1, z: 1}
  m_Children:
  - {fileID: 1080106936688128981}
  - {fileID: 8068093573967232761}
  - {fileID: 7096262042206692095}
  m_Father: {fileID: 2924500965624832736}
  m_RootOrder: 0
  m_LocalEulerAnglesHint: {x: 0, y: 0, z: 0}
--- !u!114 &6170313644183639815
MonoBehaviour:
  m_ObjectHideFlags: 0
  m_CorrespondingSourceObject: {fileID: 0}
  m_PrefabInstance: {fileID: 0}
  m_PrefabAsset: {fileID: 0}
  m_GameObject: {fileID: 1928898100949921981}
  m_Enabled: 1
  m_EditorHideFlags: 0
  m_Script: {fileID: 11500000, guid: ca2581d24b58376488a9de9ddb7afa6b, type: 3}
  m_Name: 
  m_EditorClassIdentifier: 
  disabledElements: []
  equivalentElements: []
--- !u!1 &2355747689841324391
GameObject:
  m_ObjectHideFlags: 0
  m_CorrespondingSourceObject: {fileID: 0}
  m_PrefabInstance: {fileID: 0}
  m_PrefabAsset: {fileID: 0}
  serializedVersion: 6
  m_Component:
  - component: {fileID: 3561828091453806911}
  - component: {fileID: 7143712975062005730}
  m_Layer: 0
  m_Name: Port
  m_TagString: Untagged
  m_Icon: {fileID: 0}
  m_NavMeshLayer: 0
  m_StaticEditorFlags: 4294967295
  m_IsActive: 1
--- !u!4 &3561828091453806911
Transform:
  m_ObjectHideFlags: 0
  m_CorrespondingSourceObject: {fileID: 0}
  m_PrefabInstance: {fileID: 0}
  m_PrefabAsset: {fileID: 0}
  m_GameObject: {fileID: 2355747689841324391}
  m_LocalRotation: {x: 0, y: 0, z: 0, w: 1}
  m_LocalPosition: {x: 0, y: 0, z: 3}
  m_LocalScale: {x: 1, y: 1, z: 1}
  m_Children: []
  m_Father: {fileID: 2924500965711029222}
  m_RootOrder: 0
  m_LocalEulerAnglesHint: {x: 0, y: 0, z: 0}
--- !u!114 &7143712975062005730
MonoBehaviour:
  m_ObjectHideFlags: 0
  m_CorrespondingSourceObject: {fileID: 0}
  m_PrefabInstance: {fileID: 0}
  m_PrefabAsset: {fileID: 0}
  m_GameObject: {fileID: 2355747689841324391}
  m_Enabled: 1
  m_EditorHideFlags: 0
  m_Script: {fileID: 11500000, guid: d6d599d7b8c583a4589bb650471cdb01, type: 3}
  m_Name: 
  m_EditorClassIdentifier: 
  type: {fileID: 11400000, guid: 5637ec041f19c6e42b68eac169d4af35, type: 2}
  formats:
  - part: {fileID: 7980132253138794584}
    mapping: {fileID: 11400000, guid: 87e40a4d2842d79469ed6bca460b4f42, type: 2}
--- !u!1 &2924500965624832751
GameObject:
  m_ObjectHideFlags: 0
  m_CorrespondingSourceObject: {fileID: 0}
  m_PrefabInstance: {fileID: 0}
  m_PrefabAsset: {fileID: 0}
  serializedVersion: 6
  m_Component:
  - component: {fileID: 2924500965624832736}
  - component: {fileID: 8535774044906123791}
  m_Layer: 0
  m_Name: Corridor 6x6m Arched Module
  m_TagString: Untagged
  m_Icon: {fileID: 0}
  m_NavMeshLayer: 0
  m_StaticEditorFlags: 4294967295
  m_IsActive: 1
--- !u!4 &2924500965624832736
Transform:
  m_ObjectHideFlags: 0
  m_CorrespondingSourceObject: {fileID: 0}
  m_PrefabInstance: {fileID: 0}
  m_PrefabAsset: {fileID: 0}
  m_GameObject: {fileID: 2924500965624832751}
  m_LocalRotation: {x: 0, y: 0, z: 0, w: 1}
  m_LocalPosition: {x: 0, y: 0, z: 0}
  m_LocalScale: {x: 1, y: 1, z: 1}
  m_Children:
  - {fileID: 7533862867864181308}
  - {fileID: 2924500965711029222}
  m_Father: {fileID: 0}
  m_RootOrder: 0
  m_LocalEulerAnglesHint: {x: 0, y: 0, z: 0}
--- !u!114 &8535774044906123791
MonoBehaviour:
  m_ObjectHideFlags: 0
  m_CorrespondingSourceObject: {fileID: 0}
  m_PrefabInstance: {fileID: 0}
  m_PrefabAsset: {fileID: 0}
  m_GameObject: {fileID: 2924500965624832751}
  m_Enabled: 1
  m_EditorHideFlags: 0
  m_Script: {fileID: 11500000, guid: 4eafe9f62d6c5ec41bae14e1ec76adca, type: 3}
  m_Name: 
  m_EditorClassIdentifier: 
  connections: []
  isAdapter: 0
  isBounded: 1
  bounds: {x: 3, y: 11, z: 3}
--- !u!1 &2924500965711029221
GameObject:
  m_ObjectHideFlags: 0
  m_CorrespondingSourceObject: {fileID: 0}
  m_PrefabInstance: {fileID: 0}
  m_PrefabAsset: {fileID: 0}
  serializedVersion: 6
  m_Component:
  - component: {fileID: 2924500965711029222}
  m_Layer: 0
  m_Name: Ports
  m_TagString: Waypoint
  m_Icon: {fileID: 0}
  m_NavMeshLayer: 0
  m_StaticEditorFlags: 4294967295
  m_IsActive: 1
--- !u!4 &2924500965711029222
Transform:
  m_ObjectHideFlags: 0
  m_CorrespondingSourceObject: {fileID: 0}
  m_PrefabInstance: {fileID: 0}
  m_PrefabAsset: {fileID: 0}
  m_GameObject: {fileID: 2924500965711029221}
  m_LocalRotation: {x: 0, y: 0, z: 0, w: 1}
  m_LocalPosition: {x: 0, y: 0, z: 0}
  m_LocalScale: {x: 1, y: 1, z: 1}
  m_Children:
  - {fileID: 3561828091453806911}
  - {fileID: 6471616219810370980}
  m_Father: {fileID: 2924500965624832736}
  m_RootOrder: 1
  m_LocalEulerAnglesHint: {x: 0, y: 0, z: 0}
--- !u!1001 &2924500965860765889
PrefabInstance:
  m_ObjectHideFlags: 0
  serializedVersion: 2
  m_Modification:
    m_TransformParent: {fileID: 7533862867864181308}
    m_Modifications:
    - target: {fileID: 163115763374291977, guid: 0e93f99f4ac0efd47b166eedae5038ed,
        type: 3}
      propertyPath: m_StaticEditorFlags
      value: 4294967295
      objectReference: {fileID: 0}
    - target: {fileID: 308274633316319617, guid: 0e93f99f4ac0efd47b166eedae5038ed,
        type: 3}
      propertyPath: m_StaticEditorFlags
      value: 4294967295
      objectReference: {fileID: 0}
    - target: {fileID: 452676035899733817, guid: 0e93f99f4ac0efd47b166eedae5038ed,
        type: 3}
      propertyPath: m_StaticEditorFlags
      value: 4294967295
      objectReference: {fileID: 0}
    - target: {fileID: 603801813419775460, guid: 0e93f99f4ac0efd47b166eedae5038ed,
        type: 3}
      propertyPath: m_StaticEditorFlags
      value: 4294967295
      objectReference: {fileID: 0}
    - target: {fileID: 709137120121267794, guid: 0e93f99f4ac0efd47b166eedae5038ed,
        type: 3}
      propertyPath: m_StaticEditorFlags
      value: 4294967295
      objectReference: {fileID: 0}
    - target: {fileID: 717550458284392888, guid: 0e93f99f4ac0efd47b166eedae5038ed,
        type: 3}
      propertyPath: m_StaticEditorFlags
      value: 4294967295
      objectReference: {fileID: 0}
    - target: {fileID: 759408872214322816, guid: 0e93f99f4ac0efd47b166eedae5038ed,
        type: 3}
      propertyPath: m_StaticEditorFlags
      value: 4294967295
      objectReference: {fileID: 0}
    - target: {fileID: 972557277099156550, guid: 0e93f99f4ac0efd47b166eedae5038ed,
        type: 3}
      propertyPath: m_StaticEditorFlags
      value: 4294967295
      objectReference: {fileID: 0}
    - target: {fileID: 980125089648273761, guid: 0e93f99f4ac0efd47b166eedae5038ed,
        type: 3}
      propertyPath: m_StaticEditorFlags
      value: 4294967295
      objectReference: {fileID: 0}
    - target: {fileID: 1299915837786247865, guid: 0e93f99f4ac0efd47b166eedae5038ed,
        type: 3}
      propertyPath: m_StaticEditorFlags
      value: 4294967295
      objectReference: {fileID: 0}
    - target: {fileID: 1353791393907627560, guid: 0e93f99f4ac0efd47b166eedae5038ed,
        type: 3}
      propertyPath: m_StaticEditorFlags
      value: 4294967295
      objectReference: {fileID: 0}
    - target: {fileID: 1412394247583860581, guid: 0e93f99f4ac0efd47b166eedae5038ed,
        type: 3}
      propertyPath: m_StaticEditorFlags
      value: 4294967295
      objectReference: {fileID: 0}
    - target: {fileID: 1532367175216759265, guid: 0e93f99f4ac0efd47b166eedae5038ed,
        type: 3}
      propertyPath: m_StaticEditorFlags
      value: 4294967295
      objectReference: {fileID: 0}
    - target: {fileID: 1664974697889217337, guid: 0e93f99f4ac0efd47b166eedae5038ed,
        type: 3}
      propertyPath: m_StaticEditorFlags
      value: 4294967295
      objectReference: {fileID: 0}
    - target: {fileID: 1732669608046027640, guid: 0e93f99f4ac0efd47b166eedae5038ed,
        type: 3}
      propertyPath: m_StaticEditorFlags
      value: 4294967295
      objectReference: {fileID: 0}
    - target: {fileID: 1785157151140321267, guid: 0e93f99f4ac0efd47b166eedae5038ed,
        type: 3}
      propertyPath: m_StaticEditorFlags
      value: 4294967295
      objectReference: {fileID: 0}
    - target: {fileID: 1985711300185664222, guid: 0e93f99f4ac0efd47b166eedae5038ed,
        type: 3}
      propertyPath: m_StaticEditorFlags
      value: 4294967295
      objectReference: {fileID: 0}
    - target: {fileID: 2143656943286196412, guid: 0e93f99f4ac0efd47b166eedae5038ed,
        type: 3}
      propertyPath: m_StaticEditorFlags
      value: 4294967295
      objectReference: {fileID: 0}
    - target: {fileID: 2194757843008111498, guid: 0e93f99f4ac0efd47b166eedae5038ed,
        type: 3}
      propertyPath: m_StaticEditorFlags
      value: 4294967295
      objectReference: {fileID: 0}
    - target: {fileID: 2216750331171637124, guid: 0e93f99f4ac0efd47b166eedae5038ed,
        type: 3}
      propertyPath: m_StaticEditorFlags
      value: 4294967295
      objectReference: {fileID: 0}
    - target: {fileID: 2279277273036091214, guid: 0e93f99f4ac0efd47b166eedae5038ed,
        type: 3}
      propertyPath: m_StaticEditorFlags
      value: 4294967295
      objectReference: {fileID: 0}
    - target: {fileID: 2391219819876041547, guid: 0e93f99f4ac0efd47b166eedae5038ed,
        type: 3}
      propertyPath: m_StaticEditorFlags
      value: 4294967295
      objectReference: {fileID: 0}
    - target: {fileID: 2434895860485344876, guid: 0e93f99f4ac0efd47b166eedae5038ed,
        type: 3}
      propertyPath: m_StaticEditorFlags
      value: 4294967295
      objectReference: {fileID: 0}
    - target: {fileID: 2661540881159188006, guid: 0e93f99f4ac0efd47b166eedae5038ed,
        type: 3}
      propertyPath: m_StaticEditorFlags
      value: 4294967295
      objectReference: {fileID: 0}
    - target: {fileID: 2704193894601294175, guid: 0e93f99f4ac0efd47b166eedae5038ed,
        type: 3}
      propertyPath: m_StaticEditorFlags
      value: 4294967295
      objectReference: {fileID: 0}
    - target: {fileID: 2767644126887396116, guid: 0e93f99f4ac0efd47b166eedae5038ed,
        type: 3}
      propertyPath: m_LocalPosition.x
      value: 0
      objectReference: {fileID: 0}
    - target: {fileID: 2767644126887396116, guid: 0e93f99f4ac0efd47b166eedae5038ed,
        type: 3}
      propertyPath: m_LocalPosition.y
      value: 0
      objectReference: {fileID: 0}
    - target: {fileID: 2767644126887396116, guid: 0e93f99f4ac0efd47b166eedae5038ed,
        type: 3}
      propertyPath: m_LocalPosition.z
      value: 3
      objectReference: {fileID: 0}
    - target: {fileID: 2767644126887396116, guid: 0e93f99f4ac0efd47b166eedae5038ed,
        type: 3}
      propertyPath: m_LocalRotation.x
      value: -0
      objectReference: {fileID: 0}
    - target: {fileID: 2767644126887396116, guid: 0e93f99f4ac0efd47b166eedae5038ed,
        type: 3}
      propertyPath: m_LocalRotation.y
      value: -0
      objectReference: {fileID: 0}
    - target: {fileID: 2767644126887396116, guid: 0e93f99f4ac0efd47b166eedae5038ed,
        type: 3}
      propertyPath: m_LocalRotation.z
      value: -0
      objectReference: {fileID: 0}
    - target: {fileID: 2767644126887396116, guid: 0e93f99f4ac0efd47b166eedae5038ed,
        type: 3}
      propertyPath: m_LocalRotation.w
      value: 1
      objectReference: {fileID: 0}
    - target: {fileID: 2767644126887396116, guid: 0e93f99f4ac0efd47b166eedae5038ed,
        type: 3}
      propertyPath: m_RootOrder
      value: 0
      objectReference: {fileID: 0}
    - target: {fileID: 2767644126887396116, guid: 0e93f99f4ac0efd47b166eedae5038ed,
        type: 3}
      propertyPath: m_LocalEulerAnglesHint.x
      value: 0
      objectReference: {fileID: 0}
    - target: {fileID: 2767644126887396116, guid: 0e93f99f4ac0efd47b166eedae5038ed,
        type: 3}
      propertyPath: m_LocalEulerAnglesHint.y
      value: 0
      objectReference: {fileID: 0}
    - target: {fileID: 2767644126887396116, guid: 0e93f99f4ac0efd47b166eedae5038ed,
        type: 3}
      propertyPath: m_LocalEulerAnglesHint.z
      value: 0
      objectReference: {fileID: 0}
    - target: {fileID: 2861676153705429598, guid: 0e93f99f4ac0efd47b166eedae5038ed,
        type: 3}
      propertyPath: m_Name
      value: Half_Segment_Arched
      objectReference: {fileID: 0}
    - target: {fileID: 2861676153705429598, guid: 0e93f99f4ac0efd47b166eedae5038ed,
        type: 3}
      propertyPath: m_StaticEditorFlags
      value: 4294967295
      objectReference: {fileID: 0}
    - target: {fileID: 3033275529210892340, guid: 0e93f99f4ac0efd47b166eedae5038ed,
        type: 3}
      propertyPath: m_StaticEditorFlags
      value: 4294967295
      objectReference: {fileID: 0}
    - target: {fileID: 3471320238634946038, guid: 0e93f99f4ac0efd47b166eedae5038ed,
        type: 3}
      propertyPath: m_StaticEditorFlags
      value: 4294967295
      objectReference: {fileID: 0}
    - target: {fileID: 3772833022417585269, guid: 0e93f99f4ac0efd47b166eedae5038ed,
        type: 3}
      propertyPath: m_StaticEditorFlags
      value: 4294967295
      objectReference: {fileID: 0}
    - target: {fileID: 3789287096105382142, guid: 0e93f99f4ac0efd47b166eedae5038ed,
        type: 3}
      propertyPath: m_StaticEditorFlags
      value: 4294967295
      objectReference: {fileID: 0}
    - target: {fileID: 4164002422520400345, guid: 0e93f99f4ac0efd47b166eedae5038ed,
        type: 3}
      propertyPath: m_StaticEditorFlags
      value: 4294967295
      objectReference: {fileID: 0}
    - target: {fileID: 4164279740596492763, guid: 0e93f99f4ac0efd47b166eedae5038ed,
        type: 3}
      propertyPath: m_StaticEditorFlags
      value: 4294967295
      objectReference: {fileID: 0}
    - target: {fileID: 4164452422503615217, guid: 0e93f99f4ac0efd47b166eedae5038ed,
        type: 3}
      propertyPath: m_StaticEditorFlags
      value: 4294967295
      objectReference: {fileID: 0}
    - target: {fileID: 4164669769181467381, guid: 0e93f99f4ac0efd47b166eedae5038ed,
        type: 3}
      propertyPath: m_StaticEditorFlags
      value: 4294967295
      objectReference: {fileID: 0}
    - target: {fileID: 4164727222536382301, guid: 0e93f99f4ac0efd47b166eedae5038ed,
        type: 3}
      propertyPath: m_StaticEditorFlags
      value: 4294967295
      objectReference: {fileID: 0}
    - target: {fileID: 4306458708377086371, guid: 0e93f99f4ac0efd47b166eedae5038ed,
        type: 3}
      propertyPath: m_StaticEditorFlags
      value: 4294967295
      objectReference: {fileID: 0}
    - target: {fileID: 4393720473527988099, guid: 0e93f99f4ac0efd47b166eedae5038ed,
        type: 3}
      propertyPath: m_StaticEditorFlags
      value: 4294967295
      objectReference: {fileID: 0}
    - target: {fileID: 4493005695993902516, guid: 0e93f99f4ac0efd47b166eedae5038ed,
        type: 3}
      propertyPath: m_StaticEditorFlags
      value: 4294967295
      objectReference: {fileID: 0}
    - target: {fileID: 4510852455083995429, guid: 0e93f99f4ac0efd47b166eedae5038ed,
        type: 3}
      propertyPath: m_StaticEditorFlags
      value: 4294967295
      objectReference: {fileID: 0}
    - target: {fileID: 4644411480324231141, guid: 0e93f99f4ac0efd47b166eedae5038ed,
        type: 3}
      propertyPath: m_StaticEditorFlags
      value: 4294967295
      objectReference: {fileID: 0}
    - target: {fileID: 4913988075993944298, guid: 0e93f99f4ac0efd47b166eedae5038ed,
        type: 3}
      propertyPath: m_StaticEditorFlags
      value: 4294967295
      objectReference: {fileID: 0}
    - target: {fileID: 5019461504945889954, guid: 0e93f99f4ac0efd47b166eedae5038ed,
        type: 3}
      propertyPath: m_StaticEditorFlags
      value: 4294967295
      objectReference: {fileID: 0}
    - target: {fileID: 5031178305585379089, guid: 0e93f99f4ac0efd47b166eedae5038ed,
        type: 3}
      propertyPath: m_StaticEditorFlags
      value: 4294967295
      objectReference: {fileID: 0}
    - target: {fileID: 5031556171873728490, guid: 0e93f99f4ac0efd47b166eedae5038ed,
        type: 3}
      propertyPath: m_StaticEditorFlags
      value: 4294967295
      objectReference: {fileID: 0}
    - target: {fileID: 5038785364047161499, guid: 0e93f99f4ac0efd47b166eedae5038ed,
        type: 3}
      propertyPath: m_StaticEditorFlags
      value: 4294967295
      objectReference: {fileID: 0}
    - target: {fileID: 5191002576258290875, guid: 0e93f99f4ac0efd47b166eedae5038ed,
        type: 3}
      propertyPath: m_StaticEditorFlags
      value: 4294967295
      objectReference: {fileID: 0}
    - target: {fileID: 5241072141557043381, guid: 0e93f99f4ac0efd47b166eedae5038ed,
        type: 3}
      propertyPath: m_StaticEditorFlags
      value: 4294967295
      objectReference: {fileID: 0}
    - target: {fileID: 5289690397266394225, guid: 0e93f99f4ac0efd47b166eedae5038ed,
        type: 3}
      propertyPath: m_StaticEditorFlags
      value: 4294967295
      objectReference: {fileID: 0}
    - target: {fileID: 5295477084538628378, guid: 0e93f99f4ac0efd47b166eedae5038ed,
        type: 3}
      propertyPath: m_StaticEditorFlags
      value: 4294967295
      objectReference: {fileID: 0}
    - target: {fileID: 5308831422765529957, guid: 0e93f99f4ac0efd47b166eedae5038ed,
        type: 3}
      propertyPath: m_StaticEditorFlags
      value: 4294967295
      objectReference: {fileID: 0}
    - target: {fileID: 5314024646234138941, guid: 0e93f99f4ac0efd47b166eedae5038ed,
        type: 3}
      propertyPath: m_StaticEditorFlags
      value: 4294967295
      objectReference: {fileID: 0}
    - target: {fileID: 5393032343067314113, guid: 0e93f99f4ac0efd47b166eedae5038ed,
        type: 3}
      propertyPath: m_StaticEditorFlags
      value: 4294967295
      objectReference: {fileID: 0}
    - target: {fileID: 5434756265380525718, guid: 0e93f99f4ac0efd47b166eedae5038ed,
        type: 3}
      propertyPath: m_StaticEditorFlags
      value: 4294967295
      objectReference: {fileID: 0}
    - target: {fileID: 5437695608543234947, guid: 0e93f99f4ac0efd47b166eedae5038ed,
        type: 3}
      propertyPath: m_StaticEditorFlags
      value: 4294967295
      objectReference: {fileID: 0}
    - target: {fileID: 5560931777886062352, guid: 0e93f99f4ac0efd47b166eedae5038ed,
        type: 3}
      propertyPath: m_StaticEditorFlags
      value: 4294967295
      objectReference: {fileID: 0}
    - target: {fileID: 5564458915795727893, guid: 0e93f99f4ac0efd47b166eedae5038ed,
        type: 3}
      propertyPath: m_StaticEditorFlags
      value: 4294967295
      objectReference: {fileID: 0}
    - target: {fileID: 5568690018303605217, guid: 0e93f99f4ac0efd47b166eedae5038ed,
        type: 3}
      propertyPath: m_StaticEditorFlags
      value: 4294967295
      objectReference: {fileID: 0}
    - target: {fileID: 5759585966787678046, guid: 0e93f99f4ac0efd47b166eedae5038ed,
        type: 3}
      propertyPath: m_StaticEditorFlags
      value: 4294967295
      objectReference: {fileID: 0}
    - target: {fileID: 5760048652542437803, guid: 0e93f99f4ac0efd47b166eedae5038ed,
        type: 3}
      propertyPath: m_StaticEditorFlags
      value: 4294967295
      objectReference: {fileID: 0}
    - target: {fileID: 5796938021942249196, guid: 0e93f99f4ac0efd47b166eedae5038ed,
        type: 3}
      propertyPath: m_StaticEditorFlags
      value: 4294967295
      objectReference: {fileID: 0}
    - target: {fileID: 5893268225562458043, guid: 0e93f99f4ac0efd47b166eedae5038ed,
        type: 3}
      propertyPath: m_StaticEditorFlags
      value: 4294967295
      objectReference: {fileID: 0}
    - target: {fileID: 5958891643038436127, guid: 0e93f99f4ac0efd47b166eedae5038ed,
        type: 3}
      propertyPath: m_StaticEditorFlags
      value: 4294967295
      objectReference: {fileID: 0}
    - target: {fileID: 6026674167699298267, guid: 0e93f99f4ac0efd47b166eedae5038ed,
        type: 3}
      propertyPath: m_StaticEditorFlags
      value: 4294967295
      objectReference: {fileID: 0}
    - target: {fileID: 6098042378727923726, guid: 0e93f99f4ac0efd47b166eedae5038ed,
        type: 3}
      propertyPath: m_StaticEditorFlags
      value: 4294967295
      objectReference: {fileID: 0}
    - target: {fileID: 6114622992252286278, guid: 0e93f99f4ac0efd47b166eedae5038ed,
        type: 3}
      propertyPath: m_StaticEditorFlags
      value: 4294967295
      objectReference: {fileID: 0}
    - target: {fileID: 6366119109852201006, guid: 0e93f99f4ac0efd47b166eedae5038ed,
        type: 3}
      propertyPath: m_StaticEditorFlags
      value: 4294967295
      objectReference: {fileID: 0}
    - target: {fileID: 6394498743420882185, guid: 0e93f99f4ac0efd47b166eedae5038ed,
        type: 3}
      propertyPath: m_StaticEditorFlags
      value: 4294967295
      objectReference: {fileID: 0}
    - target: {fileID: 6397067855971135481, guid: 0e93f99f4ac0efd47b166eedae5038ed,
        type: 3}
      propertyPath: m_StaticEditorFlags
      value: 4294967295
      objectReference: {fileID: 0}
    - target: {fileID: 6593994291510281354, guid: 0e93f99f4ac0efd47b166eedae5038ed,
        type: 3}
      propertyPath: m_StaticEditorFlags
      value: 4294967295
      objectReference: {fileID: 0}
    - target: {fileID: 6647499562789965247, guid: 0e93f99f4ac0efd47b166eedae5038ed,
        type: 3}
      propertyPath: m_StaticEditorFlags
      value: 4294967295
      objectReference: {fileID: 0}
    - target: {fileID: 6802198543828846733, guid: 0e93f99f4ac0efd47b166eedae5038ed,
        type: 3}
      propertyPath: m_StaticEditorFlags
      value: 4294967295
      objectReference: {fileID: 0}
    - target: {fileID: 6862394766156468871, guid: 0e93f99f4ac0efd47b166eedae5038ed,
        type: 3}
      propertyPath: m_StaticEditorFlags
      value: 4294967295
      objectReference: {fileID: 0}
    - target: {fileID: 7019013503769956632, guid: 0e93f99f4ac0efd47b166eedae5038ed,
        type: 3}
      propertyPath: m_StaticEditorFlags
      value: 4294967295
      objectReference: {fileID: 0}
    - target: {fileID: 7024493419690336285, guid: 0e93f99f4ac0efd47b166eedae5038ed,
        type: 3}
      propertyPath: m_StaticEditorFlags
      value: 4294967295
      objectReference: {fileID: 0}
    - target: {fileID: 7290542930539302423, guid: 0e93f99f4ac0efd47b166eedae5038ed,
        type: 3}
      propertyPath: m_StaticEditorFlags
      value: 4294967295
      objectReference: {fileID: 0}
    - target: {fileID: 7345180999276711472, guid: 0e93f99f4ac0efd47b166eedae5038ed,
        type: 3}
      propertyPath: m_StaticEditorFlags
      value: 4294967295
      objectReference: {fileID: 0}
    - target: {fileID: 7348929544998116456, guid: 0e93f99f4ac0efd47b166eedae5038ed,
        type: 3}
      propertyPath: m_StaticEditorFlags
      value: 4294967295
      objectReference: {fileID: 0}
    - target: {fileID: 7388014617510469836, guid: 0e93f99f4ac0efd47b166eedae5038ed,
        type: 3}
      propertyPath: m_StaticEditorFlags
      value: 4294967295
      objectReference: {fileID: 0}
    - target: {fileID: 7438895959321809307, guid: 0e93f99f4ac0efd47b166eedae5038ed,
        type: 3}
      propertyPath: m_StaticEditorFlags
      value: 4294967295
      objectReference: {fileID: 0}
    - target: {fileID: 7460007426164994126, guid: 0e93f99f4ac0efd47b166eedae5038ed,
        type: 3}
      propertyPath: m_StaticEditorFlags
      value: 4294967295
      objectReference: {fileID: 0}
    - target: {fileID: 7521460458192992231, guid: 0e93f99f4ac0efd47b166eedae5038ed,
        type: 3}
      propertyPath: m_StaticEditorFlags
      value: 4294967295
      objectReference: {fileID: 0}
    - target: {fileID: 7575803292525028673, guid: 0e93f99f4ac0efd47b166eedae5038ed,
        type: 3}
      propertyPath: m_StaticEditorFlags
      value: 4294967295
      objectReference: {fileID: 0}
    - target: {fileID: 7603144754659299559, guid: 0e93f99f4ac0efd47b166eedae5038ed,
        type: 3}
      propertyPath: m_StaticEditorFlags
      value: 4294967295
      objectReference: {fileID: 0}
    - target: {fileID: 7619310906745638806, guid: 0e93f99f4ac0efd47b166eedae5038ed,
        type: 3}
      propertyPath: m_StaticEditorFlags
      value: 4294967295
      objectReference: {fileID: 0}
    - target: {fileID: 7636086083891922351, guid: 0e93f99f4ac0efd47b166eedae5038ed,
        type: 3}
      propertyPath: m_StaticEditorFlags
      value: 4294967295
      objectReference: {fileID: 0}
    - target: {fileID: 7792394844732287208, guid: 0e93f99f4ac0efd47b166eedae5038ed,
        type: 3}
      propertyPath: m_StaticEditorFlags
      value: 4294967295
      objectReference: {fileID: 0}
    - target: {fileID: 7800551122701303032, guid: 0e93f99f4ac0efd47b166eedae5038ed,
        type: 3}
      propertyPath: m_StaticEditorFlags
      value: 4294967295
      objectReference: {fileID: 0}
    - target: {fileID: 8361101934122477347, guid: 0e93f99f4ac0efd47b166eedae5038ed,
        type: 3}
      propertyPath: m_StaticEditorFlags
      value: 4294967295
      objectReference: {fileID: 0}
    - target: {fileID: 8401066134368422132, guid: 0e93f99f4ac0efd47b166eedae5038ed,
        type: 3}
      propertyPath: m_StaticEditorFlags
      value: 4294967295
      objectReference: {fileID: 0}
    - target: {fileID: 8421497901743975099, guid: 0e93f99f4ac0efd47b166eedae5038ed,
        type: 3}
      propertyPath: m_StaticEditorFlags
      value: 4294967295
      objectReference: {fileID: 0}
    - target: {fileID: 8425589263208950276, guid: 0e93f99f4ac0efd47b166eedae5038ed,
        type: 3}
      propertyPath: m_StaticEditorFlags
      value: 4294967295
      objectReference: {fileID: 0}
    - target: {fileID: 8557164589072276254, guid: 0e93f99f4ac0efd47b166eedae5038ed,
        type: 3}
      propertyPath: m_StaticEditorFlags
      value: 4294967295
      objectReference: {fileID: 0}
    - target: {fileID: 8634232464636519303, guid: 0e93f99f4ac0efd47b166eedae5038ed,
        type: 3}
      propertyPath: m_StaticEditorFlags
      value: 4294967295
      objectReference: {fileID: 0}
    - target: {fileID: 8686290602368733771, guid: 0e93f99f4ac0efd47b166eedae5038ed,
        type: 3}
      propertyPath: m_StaticEditorFlags
      value: 4294967295
      objectReference: {fileID: 0}
    - target: {fileID: 8714745985273267971, guid: 0e93f99f4ac0efd47b166eedae5038ed,
        type: 3}
      propertyPath: m_StaticEditorFlags
      value: 4294967295
      objectReference: {fileID: 0}
    - target: {fileID: 8944916438400917985, guid: 0e93f99f4ac0efd47b166eedae5038ed,
        type: 3}
      propertyPath: m_StaticEditorFlags
      value: 4294967295
      objectReference: {fileID: 0}
    - target: {fileID: 9050403787706831030, guid: 0e93f99f4ac0efd47b166eedae5038ed,
        type: 3}
      propertyPath: m_StaticEditorFlags
      value: 4294967295
      objectReference: {fileID: 0}
    - target: {fileID: 9062086999116652906, guid: 0e93f99f4ac0efd47b166eedae5038ed,
        type: 3}
      propertyPath: m_StaticEditorFlags
      value: 4294967295
      objectReference: {fileID: 0}
    - target: {fileID: 9142969225277287442, guid: 0e93f99f4ac0efd47b166eedae5038ed,
        type: 3}
      propertyPath: m_StaticEditorFlags
      value: 4294967295
      objectReference: {fileID: 0}
    m_RemovedComponents: []
  m_SourcePrefab: {fileID: 100100000, guid: 0e93f99f4ac0efd47b166eedae5038ed, type: 3}
--- !u!4 &1080106936688128981 stripped
Transform:
  m_CorrespondingSourceObject: {fileID: 2767644126887396116, guid: 0e93f99f4ac0efd47b166eedae5038ed,
    type: 3}
  m_PrefabInstance: {fileID: 2924500965860765889}
  m_PrefabAsset: {fileID: 0}
--- !u!1001 &3593371562699745171
PrefabInstance:
  m_ObjectHideFlags: 0
  serializedVersion: 2
  m_Modification:
    m_TransformParent: {fileID: 7533862867864181308}
    m_Modifications:
    - target: {fileID: 98986256219913696, guid: 6840aef7747571a4fafabc2d3faafd13,
        type: 3}
      propertyPath: m_StaticEditorFlags
      value: 4294967295
      objectReference: {fileID: 0}
    - target: {fileID: 154405668382867780, guid: 6840aef7747571a4fafabc2d3faafd13,
        type: 3}
      propertyPath: m_StaticEditorFlags
      value: 4294967295
      objectReference: {fileID: 0}
    - target: {fileID: 159728720661091100, guid: 6840aef7747571a4fafabc2d3faafd13,
        type: 3}
      propertyPath: m_StaticEditorFlags
      value: 4294967295
      objectReference: {fileID: 0}
    - target: {fileID: 213108941914051387, guid: 6840aef7747571a4fafabc2d3faafd13,
        type: 3}
      propertyPath: m_StaticEditorFlags
      value: 4294967295
      objectReference: {fileID: 0}
    - target: {fileID: 478552348051832113, guid: 6840aef7747571a4fafabc2d3faafd13,
        type: 3}
      propertyPath: m_StaticEditorFlags
      value: 4294967295
      objectReference: {fileID: 0}
    - target: {fileID: 482061944779967540, guid: 6840aef7747571a4fafabc2d3faafd13,
        type: 3}
      propertyPath: m_StaticEditorFlags
      value: 4294967295
      objectReference: {fileID: 0}
    - target: {fileID: 703333365342323642, guid: 6840aef7747571a4fafabc2d3faafd13,
        type: 3}
      propertyPath: m_StaticEditorFlags
      value: 4294967295
      objectReference: {fileID: 0}
    - target: {fileID: 863581224254485956, guid: 6840aef7747571a4fafabc2d3faafd13,
        type: 3}
      propertyPath: m_StaticEditorFlags
      value: 4294967295
      objectReference: {fileID: 0}
    - target: {fileID: 905063814206353120, guid: 6840aef7747571a4fafabc2d3faafd13,
        type: 3}
      propertyPath: m_StaticEditorFlags
      value: 4294967295
      objectReference: {fileID: 0}
    - target: {fileID: 1003610619666794026, guid: 6840aef7747571a4fafabc2d3faafd13,
        type: 3}
      propertyPath: m_StaticEditorFlags
      value: 4294967295
      objectReference: {fileID: 0}
    - target: {fileID: 1018086791386126467, guid: 6840aef7747571a4fafabc2d3faafd13,
        type: 3}
      propertyPath: m_StaticEditorFlags
      value: 4294967295
      objectReference: {fileID: 0}
    - target: {fileID: 1034667379821333963, guid: 6840aef7747571a4fafabc2d3faafd13,
        type: 3}
      propertyPath: m_StaticEditorFlags
      value: 4294967295
      objectReference: {fileID: 0}
    - target: {fileID: 1037254778036261562, guid: 6840aef7747571a4fafabc2d3faafd13,
        type: 3}
      propertyPath: m_StaticEditorFlags
      value: 4294967295
      objectReference: {fileID: 0}
    - target: {fileID: 1133133803037240011, guid: 6840aef7747571a4fafabc2d3faafd13,
        type: 3}
      propertyPath: m_StaticEditorFlags
      value: 4294967295
      objectReference: {fileID: 0}
    - target: {fileID: 1149500588476395992, guid: 6840aef7747571a4fafabc2d3faafd13,
        type: 3}
      propertyPath: m_StaticEditorFlags
      value: 4294967295
      objectReference: {fileID: 0}
    - target: {fileID: 1384187919955326760, guid: 6840aef7747571a4fafabc2d3faafd13,
        type: 3}
      propertyPath: m_StaticEditorFlags
      value: 4294967295
      objectReference: {fileID: 0}
    - target: {fileID: 1391258776671147480, guid: 6840aef7747571a4fafabc2d3faafd13,
        type: 3}
      propertyPath: m_StaticEditorFlags
      value: 4294967295
      objectReference: {fileID: 0}
    - target: {fileID: 1427837585178982927, guid: 6840aef7747571a4fafabc2d3faafd13,
        type: 3}
      propertyPath: m_StaticEditorFlags
      value: 4294967295
      objectReference: {fileID: 0}
    - target: {fileID: 1817889982225051966, guid: 6840aef7747571a4fafabc2d3faafd13,
        type: 3}
      propertyPath: m_StaticEditorFlags
      value: 4294967295
      objectReference: {fileID: 0}
    - target: {fileID: 1822781680640216473, guid: 6840aef7747571a4fafabc2d3faafd13,
        type: 3}
      propertyPath: m_StaticEditorFlags
      value: 4294967295
      objectReference: {fileID: 0}
    - target: {fileID: 1822781680826240795, guid: 6840aef7747571a4fafabc2d3faafd13,
        type: 3}
      propertyPath: m_StaticEditorFlags
      value: 4294967295
      objectReference: {fileID: 0}
    - target: {fileID: 1891886863927823770, guid: 6840aef7747571a4fafabc2d3faafd13,
        type: 3}
      propertyPath: m_StaticEditorFlags
      value: 4294967295
      objectReference: {fileID: 0}
    - target: {fileID: 2194033172682139576, guid: 6840aef7747571a4fafabc2d3faafd13,
        type: 3}
      propertyPath: m_StaticEditorFlags
      value: 4294967295
      objectReference: {fileID: 0}
    - target: {fileID: 2245277588022975023, guid: 6840aef7747571a4fafabc2d3faafd13,
        type: 3}
      propertyPath: m_StaticEditorFlags
      value: 4294967295
      objectReference: {fileID: 0}
    - target: {fileID: 2257372245682311015, guid: 6840aef7747571a4fafabc2d3faafd13,
        type: 3}
      propertyPath: m_StaticEditorFlags
      value: 4294967295
      objectReference: {fileID: 0}
    - target: {fileID: 2695899519849636488, guid: 6840aef7747571a4fafabc2d3faafd13,
        type: 3}
      propertyPath: m_StaticEditorFlags
      value: 4294967295
      objectReference: {fileID: 0}
    - target: {fileID: 3221209908538862522, guid: 6840aef7747571a4fafabc2d3faafd13,
        type: 3}
      propertyPath: m_StaticEditorFlags
      value: 4294967295
      objectReference: {fileID: 0}
    - target: {fileID: 3654935685336274550, guid: 6840aef7747571a4fafabc2d3faafd13,
        type: 3}
      propertyPath: m_IsActive
      value: 0
      objectReference: {fileID: 0}
    - target: {fileID: 3654935685336274550, guid: 6840aef7747571a4fafabc2d3faafd13,
        type: 3}
      propertyPath: m_StaticEditorFlags
      value: 4294967295
      objectReference: {fileID: 0}
    - target: {fileID: 3733127241140497827, guid: 6840aef7747571a4fafabc2d3faafd13,
        type: 3}
      propertyPath: m_StaticEditorFlags
      value: 4294967295
      objectReference: {fileID: 0}
    - target: {fileID: 4011290228779785152, guid: 6840aef7747571a4fafabc2d3faafd13,
        type: 3}
      propertyPath: m_StaticEditorFlags
      value: 4294967295
      objectReference: {fileID: 0}
    - target: {fileID: 4044081233018435431, guid: 6840aef7747571a4fafabc2d3faafd13,
        type: 3}
      propertyPath: m_StaticEditorFlags
      value: 4294967295
      objectReference: {fileID: 0}
    - target: {fileID: 4064987956546427337, guid: 6840aef7747571a4fafabc2d3faafd13,
        type: 3}
      propertyPath: m_StaticEditorFlags
      value: 4294967295
      objectReference: {fileID: 0}
    - target: {fileID: 4142628038481010605, guid: 6840aef7747571a4fafabc2d3faafd13,
        type: 3}
      propertyPath: m_StaticEditorFlags
      value: 4294967295
      objectReference: {fileID: 0}
    - target: {fileID: 4178261300320471601, guid: 6840aef7747571a4fafabc2d3faafd13,
        type: 3}
      propertyPath: m_StaticEditorFlags
      value: 4294967295
      objectReference: {fileID: 0}
    - target: {fileID: 4179661851230158997, guid: 6840aef7747571a4fafabc2d3faafd13,
        type: 3}
      propertyPath: m_StaticEditorFlags
      value: 4294967295
      objectReference: {fileID: 0}
    - target: {fileID: 4337037938690323191, guid: 6840aef7747571a4fafabc2d3faafd13,
        type: 3}
      propertyPath: m_StaticEditorFlags
      value: 4294967295
      objectReference: {fileID: 0}
    - target: {fileID: 4348992350187706790, guid: 6840aef7747571a4fafabc2d3faafd13,
        type: 3}
      propertyPath: m_StaticEditorFlags
      value: 4294967295
      objectReference: {fileID: 0}
    - target: {fileID: 4364022732291677819, guid: 6840aef7747571a4fafabc2d3faafd13,
        type: 3}
      propertyPath: m_StaticEditorFlags
      value: 4294967295
      objectReference: {fileID: 0}
    - target: {fileID: 4782560407749745779, guid: 6840aef7747571a4fafabc2d3faafd13,
        type: 3}
      propertyPath: m_StaticEditorFlags
      value: 4294967295
      objectReference: {fileID: 0}
    - target: {fileID: 4915560310760155180, guid: 6840aef7747571a4fafabc2d3faafd13,
        type: 3}
      propertyPath: m_StaticEditorFlags
      value: 4294967295
      objectReference: {fileID: 0}
    - target: {fileID: 5579972850806356963, guid: 6840aef7747571a4fafabc2d3faafd13,
        type: 3}
      propertyPath: m_StaticEditorFlags
      value: 4294967295
      objectReference: {fileID: 0}
    - target: {fileID: 5602609168624700696, guid: 6840aef7747571a4fafabc2d3faafd13,
        type: 3}
      propertyPath: m_StaticEditorFlags
      value: 4294967295
      objectReference: {fileID: 0}
    - target: {fileID: 5624078606365517019, guid: 6840aef7747571a4fafabc2d3faafd13,
        type: 3}
      propertyPath: m_StaticEditorFlags
      value: 4294967295
      objectReference: {fileID: 0}
    - target: {fileID: 5750777577401862735, guid: 6840aef7747571a4fafabc2d3faafd13,
        type: 3}
      propertyPath: m_StaticEditorFlags
      value: 4294967295
      objectReference: {fileID: 0}
    - target: {fileID: 6002853922697244114, guid: 6840aef7747571a4fafabc2d3faafd13,
        type: 3}
      propertyPath: m_StaticEditorFlags
      value: 4294967295
      objectReference: {fileID: 0}
    - target: {fileID: 6431684764725554185, guid: 6840aef7747571a4fafabc2d3faafd13,
        type: 3}
      propertyPath: m_StaticEditorFlags
      value: 4294967295
      objectReference: {fileID: 0}
    - target: {fileID: 6449849279178418328, guid: 6840aef7747571a4fafabc2d3faafd13,
        type: 3}
      propertyPath: m_StaticEditorFlags
      value: 4294967295
      objectReference: {fileID: 0}
    - target: {fileID: 6552758658358802897, guid: 6840aef7747571a4fafabc2d3faafd13,
        type: 3}
      propertyPath: m_StaticEditorFlags
      value: 4294967295
      objectReference: {fileID: 0}
    - target: {fileID: 6785121706577549674, guid: 6840aef7747571a4fafabc2d3faafd13,
        type: 3}
      propertyPath: m_RootOrder
      value: 1
      objectReference: {fileID: 0}
    - target: {fileID: 6785121706577549674, guid: 6840aef7747571a4fafabc2d3faafd13,
        type: 3}
      propertyPath: m_LocalEulerAnglesHint.x
      value: 0
      objectReference: {fileID: 0}
    - target: {fileID: 6785121706577549674, guid: 6840aef7747571a4fafabc2d3faafd13,
        type: 3}
      propertyPath: m_LocalEulerAnglesHint.y
      value: 0
      objectReference: {fileID: 0}
    - target: {fileID: 6785121706577549674, guid: 6840aef7747571a4fafabc2d3faafd13,
        type: 3}
      propertyPath: m_LocalEulerAnglesHint.z
      value: 0
      objectReference: {fileID: 0}
    - target: {fileID: 6785121706577549674, guid: 6840aef7747571a4fafabc2d3faafd13,
        type: 3}
      propertyPath: m_LocalRotation.x
      value: -0
      objectReference: {fileID: 0}
    - target: {fileID: 6785121706577549674, guid: 6840aef7747571a4fafabc2d3faafd13,
        type: 3}
      propertyPath: m_LocalRotation.y
      value: -0
      objectReference: {fileID: 0}
    - target: {fileID: 6785121706577549674, guid: 6840aef7747571a4fafabc2d3faafd13,
        type: 3}
      propertyPath: m_LocalRotation.z
      value: -0
      objectReference: {fileID: 0}
    - target: {fileID: 6785121706577549674, guid: 6840aef7747571a4fafabc2d3faafd13,
        type: 3}
      propertyPath: m_LocalPosition.z
      value: 3
      objectReference: {fileID: 0}
    - target: {fileID: 6872801329023868875, guid: 6840aef7747571a4fafabc2d3faafd13,
        type: 3}
      propertyPath: m_Name
      value: Enclosure_Arched
      objectReference: {fileID: 0}
    - target: {fileID: 6872801329023868875, guid: 6840aef7747571a4fafabc2d3faafd13,
        type: 3}
      propertyPath: m_StaticEditorFlags
      value: 4294967295
      objectReference: {fileID: 0}
    - target: {fileID: 7593468209175852877, guid: 6840aef7747571a4fafabc2d3faafd13,
        type: 3}
      propertyPath: m_StaticEditorFlags
      value: 4294967295
      objectReference: {fileID: 0}
    - target: {fileID: 7656737070812378189, guid: 6840aef7747571a4fafabc2d3faafd13,
        type: 3}
      propertyPath: m_StaticEditorFlags
      value: 4294967295
      objectReference: {fileID: 0}
    - target: {fileID: 7685143105553545578, guid: 6840aef7747571a4fafabc2d3faafd13,
        type: 3}
      propertyPath: m_StaticEditorFlags
      value: 4294967295
      objectReference: {fileID: 0}
    - target: {fileID: 7999219456695388316, guid: 6840aef7747571a4fafabc2d3faafd13,
        type: 3}
      propertyPath: m_StaticEditorFlags
      value: 4294967295
      objectReference: {fileID: 0}
    - target: {fileID: 8347628348510342036, guid: 6840aef7747571a4fafabc2d3faafd13,
        type: 3}
      propertyPath: shapes.Array.data[0].elements.Array.size
      value: 0
      objectReference: {fileID: 0}
    - target: {fileID: 8347628348510342036, guid: 6840aef7747571a4fafabc2d3faafd13,
        type: 3}
      propertyPath: shapes.Array.data[0].elements.Array.data[0]
      value: 
      objectReference: {fileID: 245103965118362085}
    - target: {fileID: 8347628348510342036, guid: 6840aef7747571a4fafabc2d3faafd13,
        type: 3}
      propertyPath: shapes.Array.data[0].elements.Array.data[1]
      value: 
      objectReference: {fileID: 2924500965418805770}
    - target: {fileID: 8347628348510342036, guid: 6840aef7747571a4fafabc2d3faafd13,
        type: 3}
      propertyPath: inspector.editMode
      value: 1
      objectReference: {fileID: 0}
    - target: {fileID: 8652530838828231461, guid: 6840aef7747571a4fafabc2d3faafd13,
        type: 3}
      propertyPath: m_StaticEditorFlags
      value: 4294967295
      objectReference: {fileID: 0}
    - target: {fileID: 8683774888362461870, guid: 6840aef7747571a4fafabc2d3faafd13,
        type: 3}
      propertyPath: m_StaticEditorFlags
      value: 4294967295
      objectReference: {fileID: 0}
    - target: {fileID: 8934650518704608662, guid: 6840aef7747571a4fafabc2d3faafd13,
        type: 3}
      propertyPath: m_StaticEditorFlags
      value: 4294967295
      objectReference: {fileID: 0}
    - target: {fileID: 9210853594780810836, guid: 6840aef7747571a4fafabc2d3faafd13,
        type: 3}
      propertyPath: m_StaticEditorFlags
      value: 4294967295
      objectReference: {fileID: 0}
    m_RemovedComponents:
    - {fileID: 8347628348510342036, guid: 6840aef7747571a4fafabc2d3faafd13, type: 3}
  m_SourcePrefab: {fileID: 100100000, guid: 6840aef7747571a4fafabc2d3faafd13, type: 3}
--- !u!1 &7980132253138794584 stripped
GameObject:
  m_CorrespondingSourceObject: {fileID: 6872801329023868875, guid: 6840aef7747571a4fafabc2d3faafd13,
    type: 3}
  m_PrefabInstance: {fileID: 3593371562699745171}
  m_PrefabAsset: {fileID: 0}
--- !u!4 &8068093573967232761 stripped
Transform:
  m_CorrespondingSourceObject: {fileID: 6785121706577549674, guid: 6840aef7747571a4fafabc2d3faafd13,
    type: 3}
  m_PrefabInstance: {fileID: 3593371562699745171}
  m_PrefabAsset: {fileID: 0}
--- !u!1 &2924500965418805770 stripped
GameObject:
  m_CorrespondingSourceObject: {fileID: 1822781680640216473, guid: 6840aef7747571a4fafabc2d3faafd13,
    type: 3}
  m_PrefabInstance: {fileID: 3593371562699745171}
  m_PrefabAsset: {fileID: 0}
--- !u!1 &245103965118362085 stripped
GameObject:
  m_CorrespondingSourceObject: {fileID: 3654935685336274550, guid: 6840aef7747571a4fafabc2d3faafd13,
    type: 3}
  m_PrefabInstance: {fileID: 3593371562699745171}
  m_PrefabAsset: {fileID: 0}
--- !u!1001 &4346928587275352981
PrefabInstance:
  m_ObjectHideFlags: 0
  serializedVersion: 2
  m_Modification:
    m_TransformParent: {fileID: 7533862867864181308}
    m_Modifications:
    - target: {fileID: 98986256219913696, guid: 6840aef7747571a4fafabc2d3faafd13,
        type: 3}
      propertyPath: m_StaticEditorFlags
      value: 4294967295
      objectReference: {fileID: 0}
    - target: {fileID: 154405668382867780, guid: 6840aef7747571a4fafabc2d3faafd13,
        type: 3}
      propertyPath: m_StaticEditorFlags
      value: 4294967295
      objectReference: {fileID: 0}
    - target: {fileID: 159728720661091100, guid: 6840aef7747571a4fafabc2d3faafd13,
        type: 3}
      propertyPath: m_StaticEditorFlags
      value: 4294967295
      objectReference: {fileID: 0}
    - target: {fileID: 213108941914051387, guid: 6840aef7747571a4fafabc2d3faafd13,
        type: 3}
      propertyPath: m_StaticEditorFlags
      value: 4294967295
      objectReference: {fileID: 0}
    - target: {fileID: 478552348051832113, guid: 6840aef7747571a4fafabc2d3faafd13,
        type: 3}
      propertyPath: m_StaticEditorFlags
      value: 4294967295
      objectReference: {fileID: 0}
    - target: {fileID: 482061944779967540, guid: 6840aef7747571a4fafabc2d3faafd13,
        type: 3}
      propertyPath: m_StaticEditorFlags
      value: 4294967295
      objectReference: {fileID: 0}
    - target: {fileID: 703333365342323642, guid: 6840aef7747571a4fafabc2d3faafd13,
        type: 3}
      propertyPath: m_StaticEditorFlags
      value: 4294967295
      objectReference: {fileID: 0}
    - target: {fileID: 863581224254485956, guid: 6840aef7747571a4fafabc2d3faafd13,
        type: 3}
      propertyPath: m_StaticEditorFlags
      value: 4294967295
      objectReference: {fileID: 0}
    - target: {fileID: 905063814206353120, guid: 6840aef7747571a4fafabc2d3faafd13,
        type: 3}
      propertyPath: m_StaticEditorFlags
      value: 4294967295
      objectReference: {fileID: 0}
    - target: {fileID: 1003610619666794026, guid: 6840aef7747571a4fafabc2d3faafd13,
        type: 3}
      propertyPath: m_StaticEditorFlags
      value: 4294967295
      objectReference: {fileID: 0}
    - target: {fileID: 1018086791386126467, guid: 6840aef7747571a4fafabc2d3faafd13,
        type: 3}
      propertyPath: m_StaticEditorFlags
      value: 4294967295
      objectReference: {fileID: 0}
    - target: {fileID: 1034667379821333963, guid: 6840aef7747571a4fafabc2d3faafd13,
        type: 3}
      propertyPath: m_StaticEditorFlags
      value: 4294967295
      objectReference: {fileID: 0}
    - target: {fileID: 1037254778036261562, guid: 6840aef7747571a4fafabc2d3faafd13,
        type: 3}
      propertyPath: m_StaticEditorFlags
      value: 4294967295
      objectReference: {fileID: 0}
    - target: {fileID: 1133133803037240011, guid: 6840aef7747571a4fafabc2d3faafd13,
        type: 3}
      propertyPath: m_StaticEditorFlags
      value: 4294967295
      objectReference: {fileID: 0}
    - target: {fileID: 1149500588476395992, guid: 6840aef7747571a4fafabc2d3faafd13,
        type: 3}
      propertyPath: m_StaticEditorFlags
      value: 4294967295
      objectReference: {fileID: 0}
    - target: {fileID: 1384187919955326760, guid: 6840aef7747571a4fafabc2d3faafd13,
        type: 3}
      propertyPath: m_StaticEditorFlags
      value: 4294967295
      objectReference: {fileID: 0}
    - target: {fileID: 1391258776671147480, guid: 6840aef7747571a4fafabc2d3faafd13,
        type: 3}
      propertyPath: m_StaticEditorFlags
      value: 4294967295
      objectReference: {fileID: 0}
    - target: {fileID: 1427837585178982927, guid: 6840aef7747571a4fafabc2d3faafd13,
        type: 3}
      propertyPath: m_StaticEditorFlags
      value: 4294967295
      objectReference: {fileID: 0}
    - target: {fileID: 1817889982225051966, guid: 6840aef7747571a4fafabc2d3faafd13,
        type: 3}
      propertyPath: m_StaticEditorFlags
      value: 4294967295
      objectReference: {fileID: 0}
    - target: {fileID: 1822781680640216473, guid: 6840aef7747571a4fafabc2d3faafd13,
        type: 3}
      propertyPath: m_StaticEditorFlags
      value: 4294967295
      objectReference: {fileID: 0}
    - target: {fileID: 1822781680826240795, guid: 6840aef7747571a4fafabc2d3faafd13,
        type: 3}
      propertyPath: m_StaticEditorFlags
      value: 4294967295
      objectReference: {fileID: 0}
    - target: {fileID: 1891886863927823770, guid: 6840aef7747571a4fafabc2d3faafd13,
        type: 3}
      propertyPath: m_StaticEditorFlags
      value: 4294967295
      objectReference: {fileID: 0}
    - target: {fileID: 2194033172682139576, guid: 6840aef7747571a4fafabc2d3faafd13,
        type: 3}
      propertyPath: m_StaticEditorFlags
      value: 4294967295
      objectReference: {fileID: 0}
    - target: {fileID: 2245277588022975023, guid: 6840aef7747571a4fafabc2d3faafd13,
        type: 3}
      propertyPath: m_StaticEditorFlags
      value: 4294967295
      objectReference: {fileID: 0}
    - target: {fileID: 2257372245682311015, guid: 6840aef7747571a4fafabc2d3faafd13,
        type: 3}
      propertyPath: m_StaticEditorFlags
      value: 4294967295
      objectReference: {fileID: 0}
    - target: {fileID: 2695899519849636488, guid: 6840aef7747571a4fafabc2d3faafd13,
        type: 3}
      propertyPath: m_StaticEditorFlags
      value: 4294967295
      objectReference: {fileID: 0}
    - target: {fileID: 3221209908538862522, guid: 6840aef7747571a4fafabc2d3faafd13,
        type: 3}
      propertyPath: m_StaticEditorFlags
      value: 4294967295
      objectReference: {fileID: 0}
    - target: {fileID: 3654935685336274550, guid: 6840aef7747571a4fafabc2d3faafd13,
        type: 3}
      propertyPath: m_StaticEditorFlags
      value: 4294967295
      objectReference: {fileID: 0}
    - target: {fileID: 3733127241140497827, guid: 6840aef7747571a4fafabc2d3faafd13,
        type: 3}
      propertyPath: m_StaticEditorFlags
      value: 4294967295
      objectReference: {fileID: 0}
    - target: {fileID: 4011290228779785152, guid: 6840aef7747571a4fafabc2d3faafd13,
        type: 3}
      propertyPath: m_StaticEditorFlags
      value: 4294967295
      objectReference: {fileID: 0}
    - target: {fileID: 4044081233018435431, guid: 6840aef7747571a4fafabc2d3faafd13,
        type: 3}
      propertyPath: m_StaticEditorFlags
      value: 4294967295
      objectReference: {fileID: 0}
    - target: {fileID: 4064987956546427337, guid: 6840aef7747571a4fafabc2d3faafd13,
        type: 3}
      propertyPath: m_StaticEditorFlags
      value: 4294967295
      objectReference: {fileID: 0}
    - target: {fileID: 4142628038481010605, guid: 6840aef7747571a4fafabc2d3faafd13,
        type: 3}
      propertyPath: m_StaticEditorFlags
      value: 4294967295
      objectReference: {fileID: 0}
    - target: {fileID: 4178261300320471601, guid: 6840aef7747571a4fafabc2d3faafd13,
        type: 3}
      propertyPath: m_StaticEditorFlags
      value: 4294967295
      objectReference: {fileID: 0}
    - target: {fileID: 4179661851230158997, guid: 6840aef7747571a4fafabc2d3faafd13,
        type: 3}
      propertyPath: m_StaticEditorFlags
      value: 4294967295
      objectReference: {fileID: 0}
    - target: {fileID: 4337037938690323191, guid: 6840aef7747571a4fafabc2d3faafd13,
        type: 3}
      propertyPath: m_StaticEditorFlags
      value: 4294967295
      objectReference: {fileID: 0}
    - target: {fileID: 4348992350187706790, guid: 6840aef7747571a4fafabc2d3faafd13,
        type: 3}
      propertyPath: m_StaticEditorFlags
      value: 4294967295
      objectReference: {fileID: 0}
    - target: {fileID: 4364022732291677819, guid: 6840aef7747571a4fafabc2d3faafd13,
        type: 3}
      propertyPath: m_StaticEditorFlags
      value: 4294967295
      objectReference: {fileID: 0}
    - target: {fileID: 4782560407749745779, guid: 6840aef7747571a4fafabc2d3faafd13,
        type: 3}
      propertyPath: m_StaticEditorFlags
      value: 4294967295
      objectReference: {fileID: 0}
    - target: {fileID: 4915560310760155180, guid: 6840aef7747571a4fafabc2d3faafd13,
        type: 3}
      propertyPath: m_StaticEditorFlags
      value: 4294967295
      objectReference: {fileID: 0}
    - target: {fileID: 5579972850806356963, guid: 6840aef7747571a4fafabc2d3faafd13,
        type: 3}
      propertyPath: m_StaticEditorFlags
      value: 4294967295
      objectReference: {fileID: 0}
    - target: {fileID: 5602609168624700696, guid: 6840aef7747571a4fafabc2d3faafd13,
        type: 3}
      propertyPath: m_StaticEditorFlags
      value: 4294967295
      objectReference: {fileID: 0}
    - target: {fileID: 5624078606365517019, guid: 6840aef7747571a4fafabc2d3faafd13,
        type: 3}
      propertyPath: m_StaticEditorFlags
      value: 4294967295
      objectReference: {fileID: 0}
    - target: {fileID: 5750777577401862735, guid: 6840aef7747571a4fafabc2d3faafd13,
        type: 3}
      propertyPath: m_StaticEditorFlags
      value: 4294967295
      objectReference: {fileID: 0}
    - target: {fileID: 6002853922697244114, guid: 6840aef7747571a4fafabc2d3faafd13,
        type: 3}
      propertyPath: m_StaticEditorFlags
      value: 4294967295
      objectReference: {fileID: 0}
    - target: {fileID: 6431684764725554185, guid: 6840aef7747571a4fafabc2d3faafd13,
        type: 3}
      propertyPath: m_StaticEditorFlags
      value: 4294967295
      objectReference: {fileID: 0}
    - target: {fileID: 6449849279178418328, guid: 6840aef7747571a4fafabc2d3faafd13,
        type: 3}
      propertyPath: m_StaticEditorFlags
      value: 4294967295
      objectReference: {fileID: 0}
    - target: {fileID: 6552758658358802897, guid: 6840aef7747571a4fafabc2d3faafd13,
        type: 3}
      propertyPath: m_StaticEditorFlags
      value: 4294967295
      objectReference: {fileID: 0}
    - target: {fileID: 6785121706577549674, guid: 6840aef7747571a4fafabc2d3faafd13,
        type: 3}
      propertyPath: m_LocalPosition.x
      value: 0
      objectReference: {fileID: 0}
    - target: {fileID: 6785121706577549674, guid: 6840aef7747571a4fafabc2d3faafd13,
        type: 3}
      propertyPath: m_LocalPosition.y
      value: 0
      objectReference: {fileID: 0}
    - target: {fileID: 6785121706577549674, guid: 6840aef7747571a4fafabc2d3faafd13,
        type: 3}
      propertyPath: m_LocalPosition.z
      value: -3
      objectReference: {fileID: 0}
    - target: {fileID: 6785121706577549674, guid: 6840aef7747571a4fafabc2d3faafd13,
        type: 3}
      propertyPath: m_LocalRotation.x
      value: -0
      objectReference: {fileID: 0}
    - target: {fileID: 6785121706577549674, guid: 6840aef7747571a4fafabc2d3faafd13,
        type: 3}
      propertyPath: m_LocalRotation.y
      value: 1
      objectReference: {fileID: 0}
    - target: {fileID: 6785121706577549674, guid: 6840aef7747571a4fafabc2d3faafd13,
        type: 3}
      propertyPath: m_LocalRotation.z
      value: -0
      objectReference: {fileID: 0}
    - target: {fileID: 6785121706577549674, guid: 6840aef7747571a4fafabc2d3faafd13,
        type: 3}
      propertyPath: m_LocalRotation.w
      value: 0
      objectReference: {fileID: 0}
    - target: {fileID: 6785121706577549674, guid: 6840aef7747571a4fafabc2d3faafd13,
        type: 3}
      propertyPath: m_RootOrder
      value: 2
      objectReference: {fileID: 0}
    - target: {fileID: 6785121706577549674, guid: 6840aef7747571a4fafabc2d3faafd13,
        type: 3}
      propertyPath: m_LocalEulerAnglesHint.x
      value: 0
      objectReference: {fileID: 0}
    - target: {fileID: 6785121706577549674, guid: 6840aef7747571a4fafabc2d3faafd13,
        type: 3}
      propertyPath: m_LocalEulerAnglesHint.y
      value: 180
      objectReference: {fileID: 0}
    - target: {fileID: 6785121706577549674, guid: 6840aef7747571a4fafabc2d3faafd13,
        type: 3}
      propertyPath: m_LocalEulerAnglesHint.z
      value: 0
      objectReference: {fileID: 0}
    - target: {fileID: 6872801329023868875, guid: 6840aef7747571a4fafabc2d3faafd13,
        type: 3}
      propertyPath: m_Name
      value: Enclosure_Arched (1)
      objectReference: {fileID: 0}
    - target: {fileID: 6872801329023868875, guid: 6840aef7747571a4fafabc2d3faafd13,
        type: 3}
      propertyPath: m_StaticEditorFlags
      value: 4294967295
      objectReference: {fileID: 0}
    - target: {fileID: 7593468209175852877, guid: 6840aef7747571a4fafabc2d3faafd13,
        type: 3}
      propertyPath: m_StaticEditorFlags
      value: 4294967295
      objectReference: {fileID: 0}
    - target: {fileID: 7656737070812378189, guid: 6840aef7747571a4fafabc2d3faafd13,
        type: 3}
      propertyPath: m_StaticEditorFlags
      value: 4294967295
      objectReference: {fileID: 0}
    - target: {fileID: 7685143105553545578, guid: 6840aef7747571a4fafabc2d3faafd13,
        type: 3}
      propertyPath: m_StaticEditorFlags
      value: 4294967295
      objectReference: {fileID: 0}
    - target: {fileID: 7999219456695388316, guid: 6840aef7747571a4fafabc2d3faafd13,
        type: 3}
      propertyPath: m_StaticEditorFlags
      value: 4294967295
      objectReference: {fileID: 0}
    - target: {fileID: 8652530838828231461, guid: 6840aef7747571a4fafabc2d3faafd13,
        type: 3}
      propertyPath: m_StaticEditorFlags
      value: 4294967295
      objectReference: {fileID: 0}
    - target: {fileID: 8683774888362461870, guid: 6840aef7747571a4fafabc2d3faafd13,
        type: 3}
      propertyPath: m_StaticEditorFlags
      value: 4294967295
      objectReference: {fileID: 0}
    - target: {fileID: 8934650518704608662, guid: 6840aef7747571a4fafabc2d3faafd13,
        type: 3}
      propertyPath: m_StaticEditorFlags
      value: 4294967295
      objectReference: {fileID: 0}
    - target: {fileID: 9210853594780810836, guid: 6840aef7747571a4fafabc2d3faafd13,
        type: 3}
      propertyPath: m_StaticEditorFlags
      value: 4294967295
      objectReference: {fileID: 0}
    m_RemovedComponents: []
  m_SourcePrefab: {fileID: 100100000, guid: 6840aef7747571a4fafabc2d3faafd13, type: 3}
--- !u!1 &7147912867634046046 stripped
GameObject:
  m_CorrespondingSourceObject: {fileID: 6872801329023868875, guid: 6840aef7747571a4fafabc2d3faafd13,
    type: 3}
  m_PrefabInstance: {fileID: 4346928587275352981}
  m_PrefabAsset: {fileID: 0}
--- !u!4 &7096262042206692095 stripped
Transform:
  m_CorrespondingSourceObject: {fileID: 6785121706577549674, guid: 6840aef7747571a4fafabc2d3faafd13,
    type: 3}
  m_PrefabInstance: {fileID: 4346928587275352981}
  m_PrefabAsset: {fileID: 0}
