%YAML 1.1
%TAG !u! tag:unity3d.com,2011:
--- !u!1 &2741368915895055794
GameObject:
  m_ObjectHideFlags: 0
  m_CorrespondingSourceObject: {fileID: 0}
  m_PrefabInstance: {fileID: 0}
  m_PrefabAsset: {fileID: 0}
  serializedVersion: 6
  m_Component:
  - component: {fileID: 5994969729016442408}
  m_Layer: 0
  m_Name: 6m_Stone_Rail_1
  m_TagString: Untagged
  m_Icon: {fileID: 0}
  m_NavMeshLayer: 0
  m_StaticEditorFlags: 0
  m_IsActive: 1
--- !u!4 &5994969729016442408
Transform:
  m_ObjectHideFlags: 0
  m_CorrespondingSourceObject: {fileID: 0}
  m_PrefabInstance: {fileID: 0}
  m_PrefabAsset: {fileID: 0}
  m_GameObject: {fileID: 2741368915895055794}
  m_LocalRotation: {x: 0, y: 0, z: 0, w: 1}
  m_LocalPosition: {x: 0, y: 0, z: 0}
  m_LocalScale: {x: 1, y: 1, z: 1}
  m_Children:
  - {fileID: 1740274184647505584}
  - {fileID: 7625508003055900429}
  - {fileID: 5253919884921680350}
  - {fileID: 594788907014722594}
  m_Father: {fileID: 0}
  m_RootOrder: 0
  m_LocalEulerAnglesHint: {x: 0, y: 0, z: 0}
--- !u!1001 &598557929008213430
PrefabInstance:
  m_ObjectHideFlags: 0
  serializedVersion: 2
  m_Modification:
    m_TransformParent: {fileID: 5994969729016442408}
    m_Modifications:
    - target: {fileID: 1541005468817438, guid: 4c3665634f70bae478eec2bd045e34ce, type: 3}
      propertyPath: m_Name
      value: Rail_2 (1)
      objectReference: {fileID: 0}
    - target: {fileID: 4393785617529236, guid: 4c3665634f70bae478eec2bd045e34ce, type: 3}
      propertyPath: m_LocalPosition.x
      value: -1.5
      objectReference: {fileID: 0}
    - target: {fileID: 4393785617529236, guid: 4c3665634f70bae478eec2bd045e34ce, type: 3}
      propertyPath: m_LocalPosition.y
      value: 0
      objectReference: {fileID: 0}
    - target: {fileID: 4393785617529236, guid: 4c3665634f70bae478eec2bd045e34ce, type: 3}
      propertyPath: m_LocalPosition.z
      value: 0
      objectReference: {fileID: 0}
    - target: {fileID: 4393785617529236, guid: 4c3665634f70bae478eec2bd045e34ce, type: 3}
      propertyPath: m_LocalRotation.x
      value: 0
      objectReference: {fileID: 0}
    - target: {fileID: 4393785617529236, guid: 4c3665634f70bae478eec2bd045e34ce, type: 3}
      propertyPath: m_LocalRotation.y
      value: 0
      objectReference: {fileID: 0}
    - target: {fileID: 4393785617529236, guid: 4c3665634f70bae478eec2bd045e34ce, type: 3}
      propertyPath: m_LocalRotation.z
      value: 0
      objectReference: {fileID: 0}
    - target: {fileID: 4393785617529236, guid: 4c3665634f70bae478eec2bd045e34ce, type: 3}
      propertyPath: m_LocalRotation.w
      value: 1
      objectReference: {fileID: 0}
    - target: {fileID: 4393785617529236, guid: 4c3665634f70bae478eec2bd045e34ce, type: 3}
      propertyPath: m_RootOrder
      value: 3
      objectReference: {fileID: 0}
    - target: {fileID: 4393785617529236, guid: 4c3665634f70bae478eec2bd045e34ce, type: 3}
      propertyPath: m_LocalEulerAnglesHint.x
      value: 0
      objectReference: {fileID: 0}
    - target: {fileID: 4393785617529236, guid: 4c3665634f70bae478eec2bd045e34ce, type: 3}
      propertyPath: m_LocalEulerAnglesHint.y
      value: 0
      objectReference: {fileID: 0}
    - target: {fileID: 4393785617529236, guid: 4c3665634f70bae478eec2bd045e34ce, type: 3}
      propertyPath: m_LocalEulerAnglesHint.z
      value: 0
      objectReference: {fileID: 0}
    m_RemovedComponents: []
  m_SourcePrefab: {fileID: 100100000, guid: 4c3665634f70bae478eec2bd045e34ce, type: 3}
--- !u!4 &594788907014722594 stripped
Transform:
  m_CorrespondingSourceObject: {fileID: 4393785617529236, guid: 4c3665634f70bae478eec2bd045e34ce,
    type: 3}
  m_PrefabInstance: {fileID: 598557929008213430}
  m_PrefabAsset: {fileID: 0}
--- !u!1001 &1744893794434484964
PrefabInstance:
  m_ObjectHideFlags: 0
  serializedVersion: 2
  m_Modification:
    m_TransformParent: {fileID: 5994969729016442408}
    m_Modifications:
    - target: {fileID: 1351381178092966, guid: 719142affe0634644babb40895fa5650, type: 3}
      propertyPath: m_StaticEditorFlags
      value: 4294967295
      objectReference: {fileID: 0}
    - target: {fileID: 1351381178092966, guid: 719142affe0634644babb40895fa5650, type: 3}
      propertyPath: m_Name
      value: Rail_1
      objectReference: {fileID: 0}
    - target: {fileID: 4971509734931540, guid: 719142affe0634644babb40895fa5650, type: 3}
      propertyPath: m_LocalPosition.x
      value: 1.5
      objectReference: {fileID: 0}
    - target: {fileID: 4971509734931540, guid: 719142affe0634644babb40895fa5650, type: 3}
      propertyPath: m_LocalPosition.y
      value: 0
      objectReference: {fileID: 0}
    - target: {fileID: 4971509734931540, guid: 719142affe0634644babb40895fa5650, type: 3}
      propertyPath: m_LocalPosition.z
      value: 0
      objectReference: {fileID: 0}
    - target: {fileID: 4971509734931540, guid: 719142affe0634644babb40895fa5650, type: 3}
      propertyPath: m_LocalRotation.x
      value: -0
      objectReference: {fileID: 0}
    - target: {fileID: 4971509734931540, guid: 719142affe0634644babb40895fa5650, type: 3}
      propertyPath: m_LocalRotation.y
      value: -0
      objectReference: {fileID: 0}
    - target: {fileID: 4971509734931540, guid: 719142affe0634644babb40895fa5650, type: 3}
      propertyPath: m_LocalRotation.z
      value: -0
      objectReference: {fileID: 0}
    - target: {fileID: 4971509734931540, guid: 719142affe0634644babb40895fa5650, type: 3}
      propertyPath: m_LocalRotation.w
      value: 1
      objectReference: {fileID: 0}
    - target: {fileID: 4971509734931540, guid: 719142affe0634644babb40895fa5650, type: 3}
      propertyPath: m_RootOrder
      value: 0
      objectReference: {fileID: 0}
    m_RemovedComponents: []
  m_SourcePrefab: {fileID: 100100000, guid: 719142affe0634644babb40895fa5650, type: 3}
--- !u!4 &1740274184647505584 stripped
Transform:
  m_CorrespondingSourceObject: {fileID: 4971509734931540, guid: 719142affe0634644babb40895fa5650,
    type: 3}
  m_PrefabInstance: {fileID: 1744893794434484964}
  m_PrefabAsset: {fileID: 0}
--- !u!1001 &5252939150258964554
PrefabInstance:
  m_ObjectHideFlags: 0
  serializedVersion: 2
  m_Modification:
    m_TransformParent: {fileID: 5994969729016442408}
    m_Modifications:
    - target: {fileID: 1541005468817438, guid: 4c3665634f70bae478eec2bd045e34ce, type: 3}
      propertyPath: m_Name
      value: Rail_2
      objectReference: {fileID: 0}
    - target: {fileID: 4393785617529236, guid: 4c3665634f70bae478eec2bd045e34ce, type: 3}
      propertyPath: m_LocalPosition.x
      value: -1.5
      objectReference: {fileID: 0}
    - target: {fileID: 4393785617529236, guid: 4c3665634f70bae478eec2bd045e34ce, type: 3}
      propertyPath: m_LocalPosition.y
      value: 0
      objectReference: {fileID: 0}
    - target: {fileID: 4393785617529236, guid: 4c3665634f70bae478eec2bd045e34ce, type: 3}
      propertyPath: m_LocalPosition.z
      value: 0
      objectReference: {fileID: 0}
    - target: {fileID: 4393785617529236, guid: 4c3665634f70bae478eec2bd045e34ce, type: 3}
      propertyPath: m_LocalRotation.x
      value: 0
      objectReference: {fileID: 0}
    - target: {fileID: 4393785617529236, guid: 4c3665634f70bae478eec2bd045e34ce, type: 3}
      propertyPath: m_LocalRotation.y
      value: 1
      objectReference: {fileID: 0}
    - target: {fileID: 4393785617529236, guid: 4c3665634f70bae478eec2bd045e34ce, type: 3}
      propertyPath: m_LocalRotation.z
      value: 0
      objectReference: {fileID: 0}
    - target: {fileID: 4393785617529236, guid: 4c3665634f70bae478eec2bd045e34ce, type: 3}
      propertyPath: m_LocalRotation.w
      value: 0
      objectReference: {fileID: 0}
    - target: {fileID: 4393785617529236, guid: 4c3665634f70bae478eec2bd045e34ce, type: 3}
      propertyPath: m_RootOrder
      value: 2
      objectReference: {fileID: 0}
    - target: {fileID: 4393785617529236, guid: 4c3665634f70bae478eec2bd045e34ce, type: 3}
      propertyPath: m_LocalEulerAnglesHint.x
      value: 0
      objectReference: {fileID: 0}
    - target: {fileID: 4393785617529236, guid: 4c3665634f70bae478eec2bd045e34ce, type: 3}
      propertyPath: m_LocalEulerAnglesHint.y
      value: 180
      objectReference: {fileID: 0}
    - target: {fileID: 4393785617529236, guid: 4c3665634f70bae478eec2bd045e34ce, type: 3}
      propertyPath: m_LocalEulerAnglesHint.z
      value: 0
      objectReference: {fileID: 0}
    m_RemovedComponents: []
  m_SourcePrefab: {fileID: 100100000, guid: 4c3665634f70bae478eec2bd045e34ce, type: 3}
--- !u!4 &5253919884921680350 stripped
Transform:
  m_CorrespondingSourceObject: {fileID: 4393785617529236, guid: 4c3665634f70bae478eec2bd045e34ce,
    type: 3}
  m_PrefabInstance: {fileID: 5252939150258964554}
  m_PrefabAsset: {fileID: 0}
--- !u!1001 &7620819198997228377
PrefabInstance:
  m_ObjectHideFlags: 0
  serializedVersion: 2
  m_Modification:
    m_TransformParent: {fileID: 5994969729016442408}
    m_Modifications:
    - target: {fileID: 1351381178092966, guid: 719142affe0634644babb40895fa5650, type: 3}
      propertyPath: m_Name
      value: Rail_1 (1)
      objectReference: {fileID: 0}
    - target: {fileID: 1351381178092966, guid: 719142affe0634644babb40895fa5650, type: 3}
      propertyPath: m_StaticEditorFlags
      value: 4294967295
      objectReference: {fileID: 0}
    - target: {fileID: 4971509734931540, guid: 719142affe0634644babb40895fa5650, type: 3}
      propertyPath: m_LocalPosition.x
      value: 3
      objectReference: {fileID: 0}
    - target: {fileID: 4971509734931540, guid: 719142affe0634644babb40895fa5650, type: 3}
      propertyPath: m_LocalPosition.y
      value: 0
      objectReference: {fileID: 0}
    - target: {fileID: 4971509734931540, guid: 719142affe0634644babb40895fa5650, type: 3}
      propertyPath: m_LocalPosition.z
      value: 0
      objectReference: {fileID: 0}
    - target: {fileID: 4971509734931540, guid: 719142affe0634644babb40895fa5650, type: 3}
      propertyPath: m_LocalRotation.x
      value: -0
      objectReference: {fileID: 0}
    - target: {fileID: 4971509734931540, guid: 719142affe0634644babb40895fa5650, type: 3}
      propertyPath: m_LocalRotation.y
      value: -0
      objectReference: {fileID: 0}
    - target: {fileID: 4971509734931540, guid: 719142affe0634644babb40895fa5650, type: 3}
      propertyPath: m_LocalRotation.z
      value: -0
      objectReference: {fileID: 0}
    - target: {fileID: 4971509734931540, guid: 719142affe0634644babb40895fa5650, type: 3}
      propertyPath: m_LocalRotation.w
      value: 1
      objectReference: {fileID: 0}
    - target: {fileID: 4971509734931540, guid: 719142affe0634644babb40895fa5650, type: 3}
      propertyPath: m_RootOrder
      value: 1
      objectReference: {fileID: 0}
    m_RemovedComponents: []
  m_SourcePrefab: {fileID: 100100000, guid: 719142affe0634644babb40895fa5650, type: 3}
--- !u!4 &7625508003055900429 stripped
Transform:
  m_CorrespondingSourceObject: {fileID: 4971509734931540, guid: 719142affe0634644babb40895fa5650,
    type: 3}
  m_PrefabInstance: {fileID: 7620819198997228377}
  m_PrefabAsset: {fileID: 0}
